timestamp,best_bid,best_ask,bid_volume_10,ask_volume_10,spread_pct,mid_price,future_label,future_move_pct,future_direction,time_to_move
2026-01-01 05:01:58.740449,125.04000000,125.05000000,12717.66000000,15458.86000000,0.007997,125.045,FLAT,0.0007197408932783334,NONE,0
2026-01-01 05:02:09.449067,125.04000000,125.05000000,13643.12000000,15234.17000000,0.007997,125.045,FLAT,0.0007197408932783334,NONE,0
2026-01-01 05:02:19.967785,125.10000000,125.11000000,21419.50000000,12528.41000000,0.007994,125.10499999999999,FLAT,0.0004795971384036455,NONE,0
2026-01-01 05:02:30.383794,125.11000000,125.12000000,20746.25000000,12949.68000000,0.007993,125.11500000000001,FLAT,0.0005594852735483945,NONE,0
2026-01-01 05:02:41.012483,125.12000000,125.13000000,21870.44000000,12965.34000000,0.007992,125.125,FLAT,0.0006393606393606257,NONE,0
2026-01-01 05:02:51.735932,125.13000000,125.14000000,20472.69000000,14155.92000000,0.007992,125.13499999999999,FLAT,0.0007192232389018996,NONE,0
2026-01-01 05:03:02.365023,125.10000000,125.11000000,18253.80000000,15703.37000000,0.007994,125.10499999999999,FLAT,0.0004795971384036455,NONE,0
2026-01-01 05:03:13.152899,125.10000000,125.11000000,19441.89000000,13277.39000000,0.007994,125.10499999999999,FLAT,0.0004795971384036455,NONE,0
2026-01-01 05:03:23.643586,125.10000000,125.11000000,19413.09000000,13465.97000000,0.007994,125.10499999999999,FLAT,0.000559529994804537,NONE,0
2026-01-01 05:03:34.448526,125.12000000,125.13000000,22649.96000000,10756.11000000,0.007992,125.125,FLAT,0.0006393606393606257,NONE,0
2026-01-01 05:03:44.955824,125.10000000,125.11000000,18247.86000000,13076.11000000,0.007994,125.10499999999999,FLAT,0.0007193957076056386,NONE,0
2026-01-01 05:03:55.348271,125.10000000,125.11000000,19904.74000000,12189.74000000,0.007994,125.10499999999999,FLAT,0.0007193957076056386,NONE,0
2026-01-01 05:04:05.978883,125.06000000,125.07000000,13545.14000000,14991.16000000,0.007996,125.065,FLAT,0.0010394594810698074,NONE,0
2026-01-01 05:04:16.667175,125.04000000,125.05000000,14461.16000000,13887.69000000,0.007997,125.045,FLAT,0.0011995681554639647,NONE,0
2026-01-01 05:04:27.176723,125.05000000,125.06000000,14945.95000000,14510.24000000,0.007997,125.055,FLAT,0.0011195074167365266,NONE,0
2026-01-01 05:04:37.934518,125.08000000,125.09000000,17073.30000000,12381.96000000,0.007995,125.08500000000001,FLAT,0.0008794020066353697,NONE,0
2026-01-01 05:04:48.596403,125.09000000,125.10000000,17832.47000000,12415.70000000,0.007994,125.095,FLAT,0.0007993924617290404,NONE,0
2026-01-01 05:04:59.176559,125.10000000,125.11000000,17876.67000000,12053.84000000,0.007994,125.10499999999999,FLAT,0.0007193957076056386,NONE,0
2026-01-01 05:05:09.766150,125.10000000,125.11000000,18475.89000000,11534.65000000,0.007994,125.10499999999999,FLAT,0.0007193957076056386,NONE,0
2026-01-01 05:05:20.369171,125.10000000,125.11000000,18357.32000000,11364.51000000,0.007994,125.10499999999999,FLAT,0.0007193957076056386,NONE,0
2026-01-01 05:05:31.272749,125.13000000,125.14000000,22250.64000000,10769.60000000,0.007992,125.13499999999999,FLAT,0.0007991369321132723,NONE,0
2026-01-01 05:05:41.859861,125.14000000,125.15000000,19761.84000000,11566.15000000,0.007991,125.14500000000001,FLAT,0.000878980382756112,NONE,0
2026-01-01 05:05:52.351262,125.14000000,125.15000000,18935.57000000,11880.27000000,0.007991,125.14500000000001,FLAT,0.0009588876902793123,NONE,0
2026-01-01 05:06:02.996331,125.14000000,125.15000000,18367.30000000,12592.92000000,0.007991,125.14500000000001,FLAT,0.0010387949978026261,NONE,0
2026-01-01 05:06:13.740291,125.14000000,125.15000000,18225.86000000,11969.83000000,0.007991,125.14500000000001,FLAT,0.0010387949978026261,NONE,0
2026-01-01 05:06:24.435144,125.15000000,125.16000000,16385.80000000,11882.43000000,0.007990,125.155,FLAT,0.0011186129199792303,NONE,0
2026-01-01 05:06:35.139783,125.19000000,125.20000000,18291.85000000,13463.84000000,0.007988,125.195,FLAT,0.001437757098925617,NONE,0
2026-01-01 05:06:45.760760,125.15000000,125.16000000,14138.81000000,16590.11000000,0.007990,125.155,FLAT,0.0011186129199792303,NONE,0
2026-01-01 05:06:56.521863,125.15000000,125.16000000,15100.17000000,15728.25000000,0.007990,125.155,FLAT,0.0013583156885462163,NONE,0
2026-01-01 05:07:07.045374,125.12000000,125.13000000,13414.54000000,16990.24000000,0.007992,125.125,FLAT,0.0011188811188811234,NONE,0
2026-01-01 05:07:17.789601,125.10000000,125.11000000,14136.19000000,17109.07000000,0.007994,125.10499999999999,FLAT,0.0009591942768074046,NONE,0
2026-01-01 05:07:28.373499,125.07000000,125.08000000,13611.52000000,16501.79000000,0.007996,125.07499999999999,FLAT,0.0007995202878272582,NONE,0
2026-01-01 05:07:38.967049,125.04000000,125.05000000,19381.99000000,13660.88000000,0.007997,125.045,FLAT,0.0005597984725499411,NONE,0
2026-01-01 05:07:49.668193,125.04000000,125.05000000,19231.15000000,14390.55000000,0.007997,125.045,FLAT,0.0006397696829141372,NONE,0
2026-01-01 05:08:00.475379,125.03000000,125.04000000,19591.73000000,13012.42000000,0.007998,125.035,FLAT,0.0005598432438916558,NONE,0
2026-01-01 05:08:11.100890,125.07000000,125.08000000,14637.58000000,14394.82000000,0.007996,125.07499999999999,FLAT,0.0008794723166099159,NONE,0
2026-01-01 05:08:22.075187,125.08000000,125.09000000,14895.17000000,13925.25000000,0.007995,125.08500000000001,FLAT,0.0009593476436023867,NONE,0
2026-01-01 05:08:32.591035,125.06000000,125.07000000,15690.34000000,14209.42000000,0.007996,125.065,FLAT,0.0007995842162075266,NONE,0
2026-01-01 05:08:43.568368,125.06000000,125.07000000,15403.18000000,13786.81000000,0.007996,125.065,FLAT,0.0007995842162075266,NONE,0
2026-01-01 05:08:54.215291,125.03000000,125.04000000,21264.73000000,12970.20000000,0.007998,125.035,FLAT,0.0005598432438916558,NONE,0
2026-01-01 05:09:04.985488,125.02000000,125.03000000,20231.64000000,14151.96000000,0.007999,125.025,FLAT,0.00047990401919617895,NONE,0
2026-01-01 05:09:15.533124,125.05000000,125.06000000,20539.07000000,13973.03000000,0.007997,125.055,FLAT,0.0007196833393307218,NONE,0
2026-01-01 05:09:26.005950,125.05000000,125.06000000,20831.67000000,13572.16000000,0.007997,125.055,FLAT,0.0007196833393307218,NONE,0
2026-01-01 05:09:36.698638,125.04000000,125.05000000,18422.65000000,13565.98000000,0.007997,125.045,FLAT,0.0006397696829141372,NONE,0
2026-01-01 05:09:47.542829,125.04000000,125.05000000,17230.10000000,14376.68000000,0.007997,125.045,FLAT,0.0006397696829141372,NONE,0
2026-01-01 05:09:58.192653,124.98000000,124.99000000,17401.39000000,16472.53000000,0.008001,124.985,FLAT,0.0004800576069128477,NONE,0
2026-01-01 05:10:09.326485,124.99000000,125.00000000,18874.81000000,18246.50000000,0.008001,124.995,FLAT,0.00040001600064000286,NONE,0
2026-01-01 05:10:19.733838,124.98000000,124.99000000,16781.85000000,19225.51000000,0.008001,124.985,FLAT,0.0004800576069128477,NONE,0
2026-01-01 05:10:30.257169,124.97000000,124.98000000,17666.82000000,16179.26000000,0.008002,124.975,FLAT,0.00056011202240454,NONE,0
2026-01-01 05:10:40.714842,124.97000000,124.98000000,17224.42000000,16905.92000000,0.008002,124.975,FLAT,0.00056011202240454,NONE,0
2026-01-01 05:10:51.339196,124.98000000,124.99000000,19701.94000000,16376.89000000,0.008001,124.985,FLAT,0.0004800576069128477,NONE,0
2026-01-01 05:11:02.082120,124.97000000,124.98000000,16879.39000000,17662.49000000,0.008002,124.975,FLAT,0.00056011202240454,NONE,0
2026-01-01 05:11:12.778340,124.98000000,124.99000000,17339.36000000,15398.32000000,0.008001,124.985,FLAT,0.0004800576069128477,NONE,0
2026-01-01 05:11:23.479480,125.00000000,125.01000000,18565.87000000,14121.93000000,0.008000,125.005,FLAT,0.00031998720051202954,NONE,0
2026-01-01 05:11:34.096350,125.04000000,125.05000000,21936.42000000,12298.28000000,0.007997,125.045,FLAT,0.0006397696829141372,NONE,0
2026-01-01 05:11:44.511669,125.03000000,125.04000000,20237.99000000,14030.59000000,0.007998,125.035,FLAT,0.0009597312752429684,NONE,0
2026-01-01 05:11:55.043042,125.01000000,125.02000000,17612.80000000,12303.96000000,0.007999,125.015,FLAT,0.000799904011518686,NONE,0
2026-01-01 05:12:05.609399,125.01000000,125.02000000,18234.93000000,12009.78000000,0.007999,125.015,FLAT,0.000799904011518686,NONE,0
2026-01-01 05:12:16.435071,124.96000000,124.97000000,15548.40000000,15688.02000000,0.008003,124.965,FLAT,0.00040011203136887423,NONE,0
2026-01-01 05:12:27.025129,124.96000000,124.97000000,16331.51000000,13886.87000000,0.008003,124.965,FLAT,0.00040011203136887423,NONE,0
2026-01-01 05:12:37.562699,124.97000000,124.98000000,17832.83000000,14299.31000000,0.008002,124.975,FLAT,0.0007201440288057885,NONE,0
2026-01-01 05:12:48.250829,124.99000000,125.00000000,14811.42000000,14177.26000000,0.008001,124.995,FLAT,0.0008800352014081655,NONE,0
2026-01-01 05:12:58.849593,125.01000000,125.02000000,16530.30000000,13415.54000000,0.007999,125.015,FLAT,0.0010398752149742803,NONE,0
2026-01-01 05:13:09.423475,125.01000000,125.02000000,15682.85000000,14136.05000000,0.007999,125.015,FLAT,0.0010398752149742803,NONE,0
2026-01-01 05:13:19.998430,125.00000000,125.01000000,15613.08000000,12964.76000000,0.008000,125.005,FLAT,0.000959961601535975,NONE,0
2026-01-01 05:13:30.561552,125.00000000,125.01000000,15585.65000000,12994.78000000,0.008000,125.005,FLAT,0.000959961601535975,NONE,0
2026-01-01 05:13:41.103245,124.98000000,124.99000000,15256.80000000,14913.60000000,0.008001,124.985,FLAT,0.0008000960115214508,NONE,0
2026-01-01 05:13:51.515807,124.97000000,124.98000000,16210.17000000,13329.84000000,0.008002,124.975,FLAT,0.0007201440288057885,NONE,0
2026-01-01 05:14:02.018047,124.99000000,125.00000000,15772.87000000,14164.54000000,0.008001,124.995,FLAT,0.0010400416016640302,NONE,0
2026-01-01 05:14:12.694414,124.99000000,125.00000000,16058.87000000,13858.79000000,0.008001,124.995,FLAT,0.0011200448017921899,NONE,0
2026-01-01 05:14:23.101014,124.99000000,125.00000000,16867.30000000,13231.07000000,0.008001,124.995,FLAT,0.0012000480019201223,NONE,0
2026-01-01 05:14:33.591772,125.00000000,125.01000000,17171.03000000,14061.68000000,0.008000,125.005,FLAT,0.001279948802047891,NONE,0
2026-01-01 05:14:44.237414,124.92000000,124.93000000,15037.94000000,18801.62000000,0.008005,124.92500000000001,FLAT,0.000640384230538423,NONE,0
2026-01-01 05:14:54.838955,124.94000000,124.95000000,14985.84000000,17572.75000000,0.008004,124.945,FLAT,0.0008003521549481317,NONE,0
2026-01-01 05:15:05.862831,124.94000000,124.95000000,14405.15000000,17946.42000000,0.008004,124.945,FLAT,0.0008003521549481317,NONE,0
2026-01-01 05:15:16.444052,124.93000000,124.94000000,11537.13000000,19946.20000000,0.008004,124.935,FLAT,0.0007203745947893177,NONE,0
2026-01-01 05:15:27.070464,124.91000000,124.92000000,12383.67000000,23157.18000000,0.008006,124.91499999999999,FLAT,0.0005603810591201471,NONE,0
2026-01-01 05:15:37.687103,124.88000000,124.89000000,12179.06000000,20880.01000000,0.008008,124.88499999999999,FLAT,0.0006405893421949194,NONE,0
2026-01-01 05:15:48.295975,124.90000000,124.91000000,11671.94000000,20663.61000000,0.008006,124.905,FLAT,0.0004803650774588869,NONE,0
2026-01-01 05:15:58.794839,124.91000000,124.92000000,13755.24000000,18875.44000000,0.008006,124.91499999999999,FLAT,0.0005603810591201471,NONE,0
2026-01-01 05:16:09.451603,124.90000000,124.91000000,13647.04000000,21402.50000000,0.008006,124.905,FLAT,0.0004803650774588869,NONE,0
2026-01-01 05:16:20.064864,124.89000000,124.90000000,13757.85000000,19357.57000000,0.008007,124.89500000000001,FLAT,0.0005604707954681386,NONE,0
2026-01-01 05:16:30.699790,124.89000000,124.90000000,13221.75000000,19603.13000000,0.008007,124.89500000000001,FLAT,0.0005604707954681386,NONE,0
2026-01-01 05:16:41.273570,124.89000000,124.90000000,12488.33000000,20843.72000000,0.008007,124.89500000000001,FLAT,0.0005604707954681386,NONE,0
2026-01-01 05:16:51.787702,124.89000000,124.90000000,12310.00000000,21389.02000000,0.008007,124.89500000000001,FLAT,0.0005604707954681386,NONE,0
2026-01-01 05:17:02.361056,124.89000000,124.90000000,15711.91000000,13805.58000000,0.008007,124.89500000000001,FLAT,0.0005604707954681386,NONE,0
2026-01-01 05:17:12.907422,124.85000000,124.86000000,12836.31000000,18512.19000000,0.008010,124.85499999999999,FLAT,0.0008810219855032931,NONE,0
2026-01-01 05:17:23.574850,124.85000000,124.86000000,14301.35000000,17714.97000000,0.008010,124.85499999999999,FLAT,0.0008810219855032931,NONE,0
2026-01-01 05:17:34.245208,124.90000000,124.91000000,15104.29000000,12295.44000000,0.008006,124.905,FLAT,0.0004803650774588869,NONE,0
2026-01-01 05:17:44.992290,124.91000000,124.92000000,14332.37000000,15025.60000000,0.008006,124.91499999999999,FLAT,0.0004002721850859494,NONE,0
2026-01-01 05:17:55.490300,124.92000000,124.93000000,15208.36000000,13237.28000000,0.008005,124.92500000000001,FLAT,0.0004802881729037604,NONE,0
2026-01-01 05:18:06.255751,124.92000000,124.93000000,14389.04000000,14068.75000000,0.008005,124.92500000000001,FLAT,0.0004802881729037604,NONE,0
2026-01-01 05:18:16.863199,124.93000000,124.94000000,13886.91000000,14622.16000000,0.008004,124.935,FLAT,0.0005602913515027269,NONE,0
2026-01-01 05:18:27.619820,124.91000000,124.92000000,14631.28000000,12895.69000000,0.008006,124.91499999999999,FLAT,0.0004002721850859494,NONE,0
2026-01-01 05:18:38.192010,124.96000000,124.97000000,18741.45000000,10877.88000000,0.008003,124.965,FLAT,0.000800224062737521,NONE,0
2026-01-01 05:18:48.774467,124.93000000,124.94000000,14355.67000000,12941.97000000,0.008004,124.935,FLAT,0.0005602913515027269,NONE,0
2026-01-01 05:18:59.292108,124.94000000,124.95000000,15117.61000000,11013.00000000,0.008004,124.945,FLAT,0.0006402817239584144,NONE,0
2026-01-01 05:19:09.855322,124.94000000,124.95000000,14423.42000000,10981.31000000,0.008004,124.945,FLAT,0.0006402817239584144,NONE,0
2026-01-01 05:19:20.397320,124.94000000,124.95000000,14141.52000000,11214.19000000,0.008004,124.945,FLAT,0.0006402817239584144,NONE,0
2026-01-01 05:19:30.844845,124.94000000,124.95000000,13521.90000000,11724.27000000,0.008004,124.945,FLAT,0.0006402817239584144,NONE,0
2026-01-01 05:19:41.399057,124.92000000,124.93000000,12634.61000000,13338.02000000,0.008005,124.92500000000001,FLAT,0.0004802881729037604,NONE,0
2026-01-01 05:19:52.158490,124.89000000,124.90000000,14530.76000000,12404.87000000,0.008007,124.89500000000001,FLAT,0.0005604707954681386,NONE,0
2026-01-01 05:20:02.752150,124.90000000,124.91000000,15215.93000000,12770.55000000,0.008006,124.905,FLAT,0.0004803650774588869,NONE,0
2026-01-01 05:20:13.150441,124.90000000,124.91000000,13389.51000000,13841.73000000,0.008006,124.905,FLAT,0.0004803650774588869,NONE,0
2026-01-01 05:20:23.686017,124.87000000,124.88000000,16113.31000000,11958.37000000,0.008008,124.875,FLAT,0.000720720720720748,NONE,0
2026-01-01 05:20:34.201284,124.91000000,124.92000000,15420.15000000,11095.47000000,0.008006,124.91499999999999,FLAT,0.0004002721850859494,NONE,0
2026-01-01 05:20:44.938988,124.93000000,124.94000000,15948.13000000,11859.02000000,0.008004,124.935,FLAT,0.0003201664865729543,NONE,0
2026-01-01 05:20:55.532109,124.94000000,124.95000000,15792.12000000,12354.42000000,0.008004,124.945,FLAT,0.00040017607747395214,NONE,0
2026-01-01 05:21:05.895194,124.94000000,124.95000000,17064.55000000,11089.29000000,0.008004,124.945,FLAT,0.00040017607747395214,NONE,0
2026-01-01 05:21:16.352228,124.94000000,124.95000000,17149.91000000,10831.81000000,0.008004,124.945,FLAT,0.0004001760774741796,NONE,0
2026-01-01 05:21:27.186626,124.93000000,124.94000000,16014.06000000,13055.80000000,0.008004,124.935,FLAT,0.0004802497298595451,NONE,0
2026-01-01 05:21:37.829745,124.91000000,124.92000000,13432.35000000,13690.08000000,0.008006,124.91499999999999,FLAT,0.0006404354961374735,NONE,0
2026-01-01 05:21:48.459574,124.89000000,124.90000000,13826.28000000,11879.81000000,0.008007,124.89500000000001,FLAT,0.0008006725649545162,NONE,0
2026-01-01 05:21:59.024521,124.90000000,124.91000000,13988.05000000,13684.10000000,0.008006,124.905,FLAT,0.0007205476161883304,NONE,0
2026-01-01 05:22:09.672081,124.92000000,124.93000000,16508.84000000,12883.57000000,0.008005,124.92500000000001,FLAT,0.000560336201720978,NONE,0
2026-01-01 05:22:20.115633,124.92000000,124.93000000,15651.97000000,13054.07000000,0.008005,124.92500000000001,FLAT,0.000560336201720978,NONE,0
2026-01-01 05:22:30.717082,124.94000000,124.95000000,17016.48000000,10809.07000000,0.008004,124.945,FLAT,0.0004001760774741796,NONE,0
2026-01-01 05:22:41.393585,124.96000000,124.97000000,14920.55000000,12050.85000000,0.008003,124.965,FLAT,0.00024006721882127905,NONE,0
2026-01-01 05:22:52.034455,124.95000000,124.96000000,15225.87000000,12111.31000000,0.008003,124.955,FLAT,0.0004001440518586464,NONE,0
2026-01-01 05:23:02.617674,124.96000000,124.97000000,16709.73000000,11582.16000000,0.008003,124.965,FLAT,0.0005601568439162419,NONE,0
2026-01-01 05:23:13.434387,124.96000000,124.97000000,15191.86000000,12385.60000000,0.008003,124.965,FLAT,0.0007202016564638371,NONE,0
2026-01-01 05:23:23.846130,124.95000000,124.96000000,15819.14000000,12235.75000000,0.008003,124.955,FLAT,0.0008002881037174065,NONE,0
2026-01-01 05:23:34.522516,124.96000000,124.97000000,14947.14000000,13285.37000000,0.008003,124.965,FLAT,0.0008802464690112049,NONE,0
2026-01-01 05:23:45.171478,124.95000000,124.96000000,15380.31000000,12812.95000000,0.008003,124.955,FLAT,0.001200432155575939,NONE,0
2026-01-01 05:23:55.784083,124.95000000,124.96000000,16717.65000000,11358.22000000,0.008003,124.955,FLAT,0.001200432155575939,NONE,0
2026-01-01 05:24:06.260984,124.96000000,124.97000000,11099.39000000,25297.61000000,0.008003,124.965,FLAT,0.0011203136878324838,NONE,0
2026-01-01 05:24:16.725921,124.99000000,125.00000000,12434.17000000,18867.44000000,0.008001,124.995,FLAT,0.000880035201407938,NONE,0
2026-01-01 05:24:27.364276,124.98000000,124.99000000,13129.29000000,19060.68000000,0.008001,124.985,FLAT,0.0009601152138255818,NONE,0
2026-01-01 05:24:38.170295,124.98000000,124.99000000,12533.95000000,19067.92000000,0.008001,124.985,FLAT,0.0009601152138255818,NONE,0
2026-01-01 05:24:48.903350,124.97000000,124.98000000,12254.34000000,21011.59000000,0.008002,124.975,FLAT,0.0010402080416082853,NONE,0
2026-01-01 05:24:59.418158,124.97000000,124.98000000,12503.81000000,20984.38000000,0.008002,124.975,FLAT,0.0010402080416082853,NONE,0
2026-01-01 05:25:09.957223,124.97000000,124.98000000,11919.31000000,22758.95000000,0.008002,124.975,FLAT,0.0010402080416082853,NONE,0
2026-01-01 05:25:20.318412,124.96000000,124.97000000,11872.69000000,21775.73000000,0.008003,124.965,FLAT,0.0011203136878324838,NONE,0
2026-01-01 05:25:30.924562,124.96000000,124.97000000,12727.60000000,21193.67000000,0.008003,124.965,FLAT,0.0011203136878324838,NONE,0
2026-01-01 05:25:41.454179,124.96000000,124.97000000,12828.92000000,20518.38000000,0.008003,124.965,FLAT,0.0011203136878324838,NONE,0
2026-01-01 05:25:52.073236,125.00000000,125.01000000,13886.06000000,15607.10000000,0.008000,125.005,FLAT,0.0007999680012799033,NONE,0
2026-01-01 05:26:02.516384,125.03000000,125.04000000,13105.35000000,12679.38000000,0.007998,125.035,FLAT,0.0005598432438916558,NONE,0
2026-01-01 05:26:13.042522,125.05000000,125.06000000,11799.24000000,12421.62000000,0.007997,125.055,FLAT,0.000399824077405805,NONE,0
2026-01-01 05:26:23.524628,125.04000000,125.05000000,14139.30000000,11872.51000000,0.007997,125.045,FLAT,0.0004798272621855177,NONE,0
2026-01-01 05:26:34.264195,125.07000000,125.08000000,14832.00000000,11879.82000000,0.007996,125.07499999999999,FLAT,0.00031980811513085785,NONE,0
2026-01-01 05:26:44.946985,125.10000000,125.11000000,13319.71000000,12573.81000000,0.007994,125.10499999999999,FLAT,0.0006394628512048606,NONE,0
2026-01-01 05:26:55.635423,125.09000000,125.10000000,12983.62000000,12578.59000000,0.007994,125.095,FLAT,0.0005595747232103056,NONE,0
2026-01-01 05:27:06.128193,125.09000000,125.10000000,12376.63000000,12667.06000000,0.007994,125.095,FLAT,0.0005595747232103056,NONE,0
2026-01-01 05:27:17.341220,125.08000000,125.09000000,12137.32000000,13588.41000000,0.007995,125.08500000000001,FLAT,0.00047967382180119335,NONE,0
2026-01-01 05:27:27.973107,125.09000000,125.10000000,14011.27000000,12426.78000000,0.007994,125.095,FLAT,0.0005595747232103056,NONE,0
2026-01-01 05:27:38.922582,125.09000000,125.10000000,11805.10000000,13247.61000000,0.007994,125.095,FLAT,0.0005595747232103056,NONE,0
2026-01-01 05:27:49.515783,125.08000000,125.09000000,11749.57000000,12439.29000000,0.007995,125.08500000000001,FLAT,0.00047967382180119335,NONE,0
2026-01-01 05:28:00.044800,125.05000000,125.06000000,12098.39000000,13926.49000000,0.007997,125.055,FLAT,0.0002398944464435739,NONE,0
2026-01-01 05:28:10.655684,125.07000000,125.08000000,11925.93000000,12674.66000000,0.007996,125.07499999999999,FLAT,0.0003997601439135155,NONE,0
2026-01-01 05:28:21.381207,125.07000000,125.08000000,12992.72000000,12954.12000000,0.007996,125.07499999999999,FLAT,0.0003997601439135155,NONE,0
2026-01-01 05:28:31.803139,125.07000000,125.08000000,12074.82000000,13234.31000000,0.007996,125.07499999999999,FLAT,0.0003997601439135155,NONE,0
2026-01-01 05:28:42.515745,125.05000000,125.06000000,10723.91000000,16518.40000000,0.007997,125.055,FLAT,0.0002398944464435739,NONE,0
2026-01-01 05:28:53.102887,125.03000000,125.04000000,13171.93000000,16369.71000000,0.007998,125.035,FLAT,0.0003199104250809137,NONE,0
2026-01-01 05:29:03.853004,125.04000000,125.05000000,13047.34000000,16754.84000000,0.007997,125.045,FLAT,0.00023991363109270204,NONE,0
2026-01-01 05:29:14.456946,125.03000000,125.04000000,11731.97000000,17080.19000000,0.007998,125.035,FLAT,0.0003199104250809137,NONE,0
2026-01-01 05:29:24.936853,125.03000000,125.04000000,11886.20000000,16414.60000000,0.007998,125.035,FLAT,0.0003199104250809137,NONE,0
2026-01-01 05:29:35.463585,125.04000000,125.05000000,13974.99000000,15760.22000000,0.007997,125.045,FLAT,0.00023991363109270204,NONE,0
2026-01-01 05:29:46.250199,125.03000000,125.04000000,13905.78000000,15727.65000000,0.007998,125.035,FLAT,0.0003199104250809137,NONE,0
2026-01-01 05:29:56.943689,125.03000000,125.04000000,16814.42000000,15603.30000000,0.007998,125.035,FLAT,0.0003199104250809137,NONE,0
2026-01-01 05:30:07.632813,125.06000000,125.07000000,12887.93000000,14048.70000000,0.007996,125.065,FLAT,0.0003198336864829652,NONE,0
2026-01-01 05:30:18.290179,125.04000000,125.05000000,14772.33000000,16046.44000000,0.007997,125.045,FLAT,0.00023991363109270204,NONE,0
2026-01-01 05:30:28.965305,125.04000000,125.05000000,15751.94000000,15945.29000000,0.007997,125.045,FLAT,0.00023991363109270204,NONE,0
2026-01-01 05:30:39.518802,125.03000000,125.04000000,16246.43000000,14809.14000000,0.007998,125.035,FLAT,0.0003199104250809137,NONE,0
2026-01-01 05:30:50.272924,125.06000000,125.07000000,14647.71000000,13651.50000000,0.007996,125.065,FLAT,0.00023987526486228072,NONE,0
2026-01-01 05:31:00.823595,125.06000000,125.07000000,13517.45000000,13699.99000000,0.007996,125.065,FLAT,0.00023987526486228072,NONE,0
2026-01-01 05:31:11.473320,125.06000000,125.07000000,14111.00000000,13418.32000000,0.007996,125.065,FLAT,0.00023987526486228072,NONE,0
2026-01-01 05:31:22.217235,125.06000000,125.07000000,14712.63000000,13181.13000000,0.007996,125.065,FLAT,0.0003997921081037633,NONE,0
2026-01-01 05:31:32.802198,125.05000000,125.06000000,16169.79000000,15419.45000000,0.007997,125.055,FLAT,0.0003998240774060323,NONE,0
2026-01-01 05:31:43.488148,125.05000000,125.06000000,15819.12000000,15332.48000000,0.007997,125.055,FLAT,0.000559753708368377,NONE,0
2026-01-01 05:31:53.955672,125.05000000,125.06000000,16676.10000000,13014.66000000,0.007997,125.055,FLAT,0.0007196833393307218,NONE,0
2026-01-01 05:32:04.397454,125.05000000,125.06000000,13365.36000000,12860.70000000,0.007997,125.055,FLAT,0.0007196833393307218,NONE,0
2026-01-01 05:32:14.851989,125.06000000,125.07000000,17277.82000000,13496.28000000,0.007996,125.065,FLAT,0.0007995842162075266,NONE,0
2026-01-01 05:32:25.574113,125.05000000,125.06000000,16066.54000000,15512.77000000,0.007997,125.055,FLAT,0.0007196833393307218,NONE,0
2026-01-01 05:32:36.300988,125.05000000,125.06000000,19487.02000000,13384.94000000,0.007997,125.055,FLAT,0.0007196833393307218,NONE,0
2026-01-01 05:32:47.067948,125.05000000,125.06000000,18934.41000000,13579.74000000,0.007997,125.055,FLAT,0.0007196833393307218,NONE,0
2026-01-01 05:32:57.663129,125.05000000,125.06000000,18795.52000000,13114.82000000,0.007997,125.055,FLAT,0.0007196833393307218,NONE,0
2026-01-01 05:33:08.530397,125.05000000,125.06000000,19667.61000000,13133.36000000,0.007997,125.055,FLAT,0.0009595777857742957,NONE,0
2026-01-01 05:33:19.332593,125.06000000,125.07000000,17289.55000000,14361.89000000,0.007996,125.065,FLAT,0.001279334745932088,NONE,0
2026-01-01 05:33:30.112463,125.06000000,125.07000000,18320.75000000,13551.84000000,0.007996,125.065,FLAT,0.0013592931675527726,NONE,0
2026-01-01 05:33:40.738111,125.05000000,125.06000000,17175.88000000,13164.75000000,0.007997,125.055,FLAT,0.0012794370476989852,NONE,0
2026-01-01 05:33:51.353425,125.05000000,125.06000000,15206.12000000,14240.37000000,0.007997,125.055,FLAT,0.0012794370476989852,NONE,0
2026-01-01 05:34:02.278427,125.05000000,125.06000000,15902.55000000,13471.22000000,0.007997,125.055,FLAT,0.0012794370476989852,NONE,0
2026-01-01 05:34:12.989724,125.01000000,125.02000000,12642.23000000,17839.23000000,0.007999,125.015,FLAT,0.0009598848138222641,NONE,0
2026-01-01 05:34:23.709727,125.01000000,125.02000000,14265.17000000,15505.43000000,0.007999,125.015,FLAT,0.0009598848138222641,NONE,0
2026-01-01 05:34:34.303934,125.00000000,125.01000000,13115.12000000,16881.78000000,0.008000,125.005,FLAT,0.0008799648014078255,NONE,0
2026-01-01 05:34:44.827989,124.97000000,124.98000000,12335.16000000,17486.53000000,0.008002,124.975,FLAT,0.0006401280256049937,NONE,0
2026-01-01 05:34:55.395290,124.96000000,124.97000000,14261.83000000,15629.15000000,0.008003,124.965,FLAT,0.0006401792501900395,NONE,0
2026-01-01 05:35:06.109880,124.97000000,124.98000000,15306.36000000,15132.41000000,0.008002,124.975,FLAT,0.0006401280256049937,NONE,0
2026-01-01 05:35:16.777030,125.00000000,125.01000000,12584.42000000,15756.82000000,0.008000,125.005,FLAT,0.0008799648014078255,NONE,0
2026-01-01 05:35:27.341113,125.02000000,125.03000000,14027.60000000,13969.32000000,0.007999,125.025,FLAT,0.0010397920415916452,NONE,0
2026-01-01 05:35:38.209097,125.03000000,125.04000000,13151.44000000,13821.95000000,0.007998,125.035,FLAT,0.0011196864877833115,NONE,0
2026-01-01 05:35:48.774500,125.03000000,125.04000000,13329.06000000,13395.01000000,0.007998,125.035,FLAT,0.0011196864877833115,NONE,0
2026-01-01 05:35:59.355446,124.93000000,124.94000000,11155.46000000,24179.38000000,0.008004,124.935,FLAT,0.0003201664865729543,NONE,0
2026-01-01 05:36:09.884158,124.93000000,124.94000000,12924.42000000,23135.76000000,0.008004,124.935,FLAT,0.0003201664865729543,NONE,0
2026-01-01 05:36:20.686006,124.89000000,124.90000000,16471.59000000,15079.42000000,0.008007,124.89500000000001,FLAT,0.0004804035389726415,NONE,0
2026-01-01 05:36:31.440237,124.93000000,124.94000000,14462.29000000,12950.34000000,0.008004,124.935,FLAT,0.00016008324328647714,NONE,0
2026-01-01 05:36:42.218207,124.93000000,124.94000000,15239.07000000,13548.82000000,0.008004,124.935,FLAT,0.00016008324328647714,NONE,0
2026-01-01 05:36:52.885135,124.93000000,124.94000000,13747.87000000,17329.85000000,0.008004,124.935,FLAT,0.00016008324328647714,NONE,0
2026-01-01 05:37:03.496494,124.95000000,124.96000000,16055.43000000,13525.46000000,0.008003,124.955,FLAT,0.0001600576207434358,NONE,0
2026-01-01 05:37:14.060214,124.93000000,124.94000000,15160.53000000,15521.28000000,0.008004,124.935,FLAT,0.00016008324328647714,NONE,0
2026-01-01 05:37:24.597893,124.94000000,124.95000000,17288.09000000,15372.61000000,0.008004,124.945,FLAT,8.003521549485867e-05,NONE,0
2026-01-01 05:37:35.071292,124.94000000,124.95000000,16691.67000000,15582.80000000,0.008004,124.945,FLAT,8.003521549485867e-05,NONE,0
2026-01-01 05:37:45.484841,124.93000000,124.94000000,17229.40000000,12618.94000000,0.008004,124.935,FLAT,0.00016008324328647714,NONE,0
2026-01-01 05:37:55.929928,124.95000000,124.96000000,16040.95000000,15336.91000000,0.008003,124.955,FLAT,0.0001600576207434358,NONE,0
2026-01-01 05:38:06.559424,124.95000000,124.96000000,15214.43000000,16088.81000000,0.008003,124.955,FLAT,0.0001600576207434358,NONE,0
2026-01-01 05:38:17.229096,124.95000000,124.96000000,15210.70000000,15769.97000000,0.008003,124.955,FLAT,0.00032011524148698535,NONE,0
2026-01-01 05:38:27.860767,124.94000000,124.95000000,15957.98000000,15474.65000000,0.008004,124.945,FLAT,0.00024010564648446227,NONE,0
2026-01-01 05:38:38.381573,124.94000000,124.95000000,16541.36000000,14574.65000000,0.008004,124.945,FLAT,0.00024010564648446227,NONE,0
2026-01-01 05:38:48.861952,124.94000000,124.95000000,15332.29000000,15231.95000000,0.008004,124.945,FLAT,0.00024010564648446227,NONE,0
2026-01-01 05:38:59.512860,124.94000000,124.95000000,16046.54000000,15097.09000000,0.008004,124.945,FLAT,0.00024010564648446227,NONE,0
2026-01-01 05:39:10.020145,124.94000000,124.95000000,16324.27000000,15229.08000000,0.008004,124.945,FLAT,0.00024010564648446227,NONE,0
2026-01-01 05:39:20.729601,124.95000000,124.96000000,16838.42000000,14338.56000000,0.008003,124.955,FLAT,0.00032011524148698535,NONE,0
2026-01-01 05:39:31.376647,124.94000000,124.95000000,16388.34000000,15731.33000000,0.008004,124.945,FLAT,0.00032014086197932094,NONE,0
2026-01-01 05:39:41.965354,124.94000000,124.95000000,16572.65000000,15400.86000000,0.008004,124.945,FLAT,0.00032014086197932094,NONE,0
2026-01-01 05:39:52.531000,124.94000000,124.95000000,16474.47000000,15315.35000000,0.008004,124.945,FLAT,0.0004001760774741796,NONE,0
2026-01-01 05:40:03.337208,124.93000000,124.94000000,15007.65000000,15828.71000000,0.008004,124.935,FLAT,0.000640332973146136,NONE,0
2026-01-01 05:40:14.126812,124.93000000,124.94000000,16212.62000000,14205.39000000,0.008004,124.935,FLAT,0.000640332973146136,NONE,0
2026-01-01 05:40:24.728557,124.93000000,124.94000000,15976.90000000,16664.29000000,0.008004,124.935,FLAT,0.0008804578380759085,NONE,0
2026-01-01 05:40:35.086107,124.93000000,124.94000000,16107.29000000,16879.54000000,0.008004,124.935,FLAT,0.0008804578380759085,NONE,0
2026-01-01 05:40:45.954528,124.93000000,124.94000000,16325.01000000,16836.00000000,0.008004,124.935,FLAT,0.0009604994597190902,NONE,0
2026-01-01 05:40:56.522538,124.93000000,124.94000000,16024.96000000,16758.41000000,0.008004,124.935,FLAT,0.0012006243246488629,NONE,0
2026-01-01 05:41:07.214416,124.91000000,124.92000000,14975.18000000,15686.20000000,0.008006,124.91499999999999,FLAT,0.0010407076812231956,NONE,0
2026-01-01 05:41:17.897034,124.97000000,124.98000000,15015.47000000,16825.96000000,0.008002,124.975,FLAT,0.0016803360672133928,NONE,0
2026-01-01 05:41:28.674563,124.97000000,124.98000000,13461.04000000,18195.85000000,0.008002,124.975,FLAT,0.0016803360672133928,NONE,0
2026-01-01 05:41:39.472376,124.97000000,124.98000000,14307.98000000,17567.46000000,0.008002,124.975,FLAT,0.0016803360672133928,NONE,0
2026-01-01 05:41:50.124182,124.97000000,124.98000000,14816.67000000,16646.95000000,0.008002,124.975,FLAT,0.0016803360672133928,NONE,0
2026-01-01 05:42:00.681294,124.97000000,124.98000000,14877.36000000,16590.27000000,0.008002,124.975,FLAT,0.002000400080016003,NONE,0
2026-01-01 05:42:11.329287,124.97000000,124.98000000,15252.72000000,16718.30000000,0.008002,124.975,FLAT,0.002000400080016003,NONE,0
2026-01-01 05:42:21.916203,124.97000000,124.98000000,15229.04000000,17071.09000000,0.008002,124.975,FLAT,0.002000400080016003,NONE,0
2026-01-01 05:42:32.419860,124.98000000,124.99000000,16908.64000000,16945.16000000,0.008001,124.985,FLAT,0.0020802496299556356,NONE,0
2026-01-01 05:42:43.342726,124.99000000,125.00000000,12715.75000000,18438.75000000,0.008001,124.995,FLAT,0.00216008640345622,NONE,0
2026-01-01 05:42:54.081137,124.86000000,124.87000000,11321.94000000,22587.91000000,0.008009,124.86500000000001,FLAT,0.0011212109077805212,NONE,0
2026-01-01 05:43:04.752421,124.86000000,124.87000000,14347.42000000,19793.52000000,0.008009,124.86500000000001,FLAT,0.0011212109077805212,NONE,0
2026-01-01 05:43:15.395777,124.83000000,124.84000000,13188.21000000,21791.18000000,0.008011,124.83500000000001,FLAT,0.0008811631353387563,NONE,0
2026-01-01 05:43:25.753570,124.83000000,124.84000000,14688.78000000,18687.42000000,0.008011,124.83500000000001,FLAT,0.0008811631353387563,NONE,0
2026-01-01 05:43:36.538234,124.83000000,124.84000000,13969.22000000,20456.45000000,0.008011,124.83500000000001,FLAT,0.0008811631353387563,NONE,0
2026-01-01 05:43:47.679089,124.81000000,124.82000000,12681.06000000,21649.32000000,0.008012,124.815,FLAT,0.0007210671794255772,NONE,0
2026-01-01 05:43:58.262851,124.78000000,124.79000000,13618.84000000,16846.94000000,0.008014,124.785,FLAT,0.0008013783707977267,NONE,0
2026-01-01 05:44:09.030096,124.80000000,124.81000000,12809.90000000,16319.86000000,0.008013,124.805,FLAT,0.0010416249348984051,NONE,0
2026-01-01 05:44:19.611096,124.76000000,124.77000000,13903.04000000,16837.46000000,0.008015,124.765,FLAT,0.0013625616158377887,NONE,0
2026-01-01 05:44:31.630061,124.76000000,124.77000000,13900.34000000,17031.16000000,0.008015,124.765,FLAT,0.0013625616158377887,NONE,0
2026-01-01 05:44:44.420585,124.76000000,124.77000000,12878.17000000,17188.45000000,0.008015,124.765,FLAT,0.0013625616158377887,NONE,0
2026-01-01 05:44:56.428544,124.76000000,124.77000000,13099.24000000,17336.54000000,0.008015,124.765,FLAT,0.0013625616158377887,NONE,0
2026-01-01 05:45:06.705554,124.74000000,124.75000000,12935.94000000,17964.78000000,0.008017,124.745,FLAT,0.0015231071385626495,NONE,0
2026-01-01 05:45:20.032446,124.74000000,124.75000000,12566.23000000,18631.14000000,0.008017,124.745,FLAT,0.0015231071385626495,NONE,0
2026-01-01 05:45:32.889492,124.78000000,124.79000000,12748.88000000,14661.06000000,0.008014,124.785,FLAT,0.0012020675561967037,NONE,0
2026-01-01 05:45:43.643222,124.80000000,124.81000000,12710.73000000,13266.89000000,0.008013,124.805,FLAT,0.0010416249348984051,NONE,0
2026-01-01 05:45:54.364281,124.82000000,124.83000000,13432.62000000,13735.25000000,0.008012,124.82499999999999,FLAT,0.0008812337272182147,NONE,0
2026-01-01 05:46:04.920636,124.84000000,124.85000000,12902.15000000,12930.46000000,0.008010,124.845,FLAT,0.000720893908446501,NONE,0
2026-01-01 05:46:15.621524,124.88000000,124.89000000,11392.43000000,12571.89000000,0.008008,124.88499999999999,FLAT,0.00040036833887185306,NONE,0
2026-01-01 05:46:26.229161,124.88000000,124.89000000,11107.73000000,13718.22000000,0.008008,124.88499999999999,FLAT,0.00040036833887185306,NONE,0
2026-01-01 05:46:36.832567,124.88000000,124.89000000,11517.85000000,12960.10000000,0.008008,124.88499999999999,FLAT,0.00040036833887185306,NONE,0
2026-01-01 05:46:47.422307,124.88000000,124.89000000,12019.90000000,13493.91000000,0.008008,124.88499999999999,FLAT,0.00040036833887185306,NONE,0
2026-01-01 05:46:58.156133,124.88000000,124.89000000,13100.42000000,12282.97000000,0.008008,124.88499999999999,FLAT,0.00040036833887185306,NONE,0
2026-01-01 05:47:08.788650,124.92000000,124.93000000,14492.42000000,13805.28000000,0.008005,124.92500000000001,FLAT,0.0005603362017212054,NONE,0
2026-01-01 05:47:19.468831,124.93000000,124.94000000,13411.58000000,13065.21000000,0.008004,124.935,FLAT,0.000640332973146136,NONE,0
2026-01-01 05:47:30.100947,124.93000000,124.94000000,12833.49000000,13655.57000000,0.008004,124.935,FLAT,0.000640332973146136,NONE,0
2026-01-01 05:47:40.542269,124.90000000,124.91000000,12397.43000000,16929.84000000,0.008006,124.905,FLAT,0.0005604259237019589,NONE,0
2026-01-01 05:47:51.194688,124.89000000,124.90000000,11445.56000000,16493.70000000,0.008007,124.89500000000001,FLAT,0.0004804035389727553,NONE,0
2026-01-01 05:48:01.695837,124.88000000,124.89000000,12204.43000000,14582.90000000,0.008008,124.88499999999999,FLAT,0.0004003683388716255,NONE,0
2026-01-01 05:48:12.578061,124.85000000,124.86000000,10203.83000000,19940.11000000,0.008010,124.85499999999999,FLAT,0.00024027872331905924,NONE,0
2026-01-01 05:48:23.228610,124.85000000,124.86000000,11591.52000000,17193.48000000,0.008010,124.85499999999999,FLAT,0.00024027872331905924,NONE,0
2026-01-01 05:48:33.833977,124.86000000,124.87000000,11078.45000000,19262.73000000,0.008009,124.86500000000001,FLAT,0.0004004324670645206,NONE,0
2026-01-01 05:48:44.556982,124.86000000,124.87000000,12355.33000000,17552.42000000,0.008009,124.86500000000001,FLAT,0.0004004324670645206,NONE,0
2026-01-01 05:48:55.221795,124.87000000,124.88000000,11481.11000000,17635.69000000,0.008008,124.875,FLAT,0.0004804804804804987,NONE,0
2026-01-01 05:49:06.090929,124.87000000,124.88000000,11251.10000000,18206.13000000,0.008008,124.875,FLAT,0.0004804804804804987,NONE,0
2026-01-01 05:49:16.768166,124.87000000,124.88000000,11420.33000000,18149.08000000,0.008008,124.875,FLAT,0.0004804804804804987,NONE,0
2026-01-01 05:49:27.294586,124.87000000,124.88000000,11227.68000000,17984.23000000,0.008008,124.875,FLAT,0.0004804804804804987,NONE,0
2026-01-01 05:49:37.901965,124.87000000,124.88000000,11429.44000000,17616.87000000,0.008008,124.875,FLAT,0.0004804804804804987,NONE,0
2026-01-01 05:49:48.374812,124.87000000,124.88000000,11275.27000000,17512.46000000,0.008008,124.875,FLAT,0.0004804804804804987,NONE,0
2026-01-01 05:49:58.977805,124.88000000,124.89000000,13818.09000000,18166.21000000,0.008008,124.88499999999999,FLAT,0.0005605156744204122,NONE,0
2026-01-01 05:50:09.566006,124.87000000,124.88000000,12454.01000000,18540.99000000,0.008008,124.875,FLAT,0.0004804804804804987,NONE,0
2026-01-01 05:50:20.255320,124.86000000,124.87000000,13450.71000000,19380.34000000,0.008009,124.86500000000001,FLAT,0.0004004324670645206,NONE,0
2026-01-01 05:50:30.845935,124.85000000,124.86000000,11892.69000000,18136.33000000,0.008010,124.85499999999999,FLAT,0.0003203716310920031,NONE,0
2026-01-01 05:50:41.336329,124.83000000,124.84000000,12976.12000000,19897.72000000,0.008011,124.83500000000001,FLAT,0.000240317218728731,NONE,0
2026-01-01 05:50:52.010871,124.83000000,124.84000000,13167.55000000,20754.84000000,0.008011,124.83500000000001,FLAT,0.000240317218728731,NONE,0
2026-01-01 05:51:02.450015,124.82000000,124.83000000,12809.29000000,20717.19000000,0.008012,124.82499999999999,FLAT,0.000320448628079475,NONE,0
2026-01-01 05:51:13.031223,124.82000000,124.83000000,12782.20000000,20734.64000000,0.008012,124.82499999999999,FLAT,0.000320448628079475,NONE,0
2026-01-01 05:51:23.730143,124.81000000,124.82000000,13742.76000000,19024.36000000,0.008012,124.815,FLAT,0.0004005928774587299,NONE,0
2026-01-01 05:51:34.395134,124.82000000,124.83000000,13293.67000000,18552.07000000,0.008012,124.82499999999999,FLAT,0.000320448628079475,NONE,0
2026-01-01 05:51:45.107187,124.82000000,124.83000000,13248.46000000,18653.47000000,0.008012,124.82499999999999,FLAT,0.000320448628079475,NONE,0
2026-01-01 05:51:55.718241,124.82000000,124.83000000,13300.39000000,18551.12000000,0.008012,124.82499999999999,FLAT,0.000320448628079475,NONE,0
2026-01-01 05:52:06.303671,124.81000000,124.82000000,14127.14000000,17292.46000000,0.008012,124.815,FLAT,0.0006409486039339223,NONE,0
2026-01-01 05:52:17.082731,124.82000000,124.83000000,14236.64000000,17543.61000000,0.008012,124.82499999999999,FLAT,0.0005607850991389674,NONE,0
2026-01-01 05:52:27.589485,124.82000000,124.83000000,14785.40000000,17804.13000000,0.008012,124.82499999999999,FLAT,0.0005607850991389674,NONE,0
2026-01-01 05:52:38.156283,124.82000000,124.83000000,14064.63000000,17350.07000000,0.008012,124.82499999999999,FLAT,0.0005607850991389674,NONE,0
2026-01-01 05:52:48.686306,124.84000000,124.85000000,14384.98000000,14305.18000000,0.008010,124.845,FLAT,0.0004004966158036875,NONE,0
2026-01-01 05:52:59.483383,124.84000000,124.85000000,13474.97000000,14683.38000000,0.008010,124.845,FLAT,0.0004004966158036875,NONE,0
2026-01-01 05:53:10.043273,124.85000000,124.86000000,14129.55000000,14315.26000000,0.008010,124.85499999999999,FLAT,0.00032037163109223073,NONE,0
2026-01-01 05:53:20.611790,124.85000000,124.86000000,13411.86000000,14254.10000000,0.008010,124.85499999999999,FLAT,0.00032037163109223073,NONE,0
2026-01-01 05:53:31.380945,124.86000000,124.87000000,13849.61000000,13153.25000000,0.008009,124.86500000000001,FLAT,0.0003203459736514799,NONE,0
2026-01-01 05:53:42.161984,124.86000000,124.87000000,12520.57000000,13550.22000000,0.008009,124.86500000000001,FLAT,0.0003203459736514799,NONE,0
2026-01-01 05:53:52.728104,124.86000000,124.87000000,12577.89000000,13319.23000000,0.008009,124.86500000000001,FLAT,0.0003203459736514799,NONE,0
2026-01-01 05:54:03.109203,124.86000000,124.87000000,12415.75000000,14382.08000000,0.008009,124.86500000000001,FLAT,0.000400432467064293,NONE,0
2026-01-01 05:54:13.688535,124.86000000,124.87000000,12452.95000000,13963.27000000,0.008009,124.86500000000001,FLAT,0.000400432467064293,NONE,0
2026-01-01 05:54:24.246164,124.86000000,124.87000000,12536.59000000,13855.64000000,0.008009,124.86500000000001,FLAT,0.000400432467064293,NONE,0
2026-01-01 05:54:34.684136,124.86000000,124.87000000,12534.41000000,13942.46000000,0.008009,124.86500000000001,FLAT,0.000400432467064293,NONE,0
2026-01-01 05:54:45.183538,124.86000000,124.87000000,12371.75000000,14493.99000000,0.008009,124.86500000000001,FLAT,0.000400432467064293,NONE,0
2026-01-01 05:54:55.934206,124.86000000,124.87000000,13083.79000000,14108.18000000,0.008009,124.86500000000001,FLAT,0.000400432467064293,NONE,0
2026-01-01 05:55:06.658043,124.89000000,124.90000000,13067.72000000,13216.08000000,0.008007,124.89500000000001,FLAT,0.00024020176948637764,NONE,0
2026-01-01 05:55:17.363685,124.89000000,124.90000000,14731.44000000,12208.09000000,0.008007,124.89500000000001,FLAT,0.00024020176948637764,NONE,0
2026-01-01 05:55:28.170273,124.89000000,124.90000000,13744.46000000,12850.29000000,0.008007,124.89500000000001,FLAT,0.00024020176948637764,NONE,0
2026-01-01 05:55:38.674737,124.89000000,124.90000000,13175.65000000,13837.98000000,0.008007,124.89500000000001,FLAT,0.00024020176948637764,NONE,0
2026-01-01 05:55:48.970889,124.89000000,124.90000000,13099.36000000,14074.38000000,0.008007,124.89500000000001,FLAT,0.00024020176948637764,NONE,0
2026-01-01 05:55:59.551256,124.89000000,124.90000000,13765.11000000,12481.83000000,0.008007,124.89500000000001,FLAT,0.00024020176948637764,NONE,0
2026-01-01 05:56:10.031037,124.89000000,124.90000000,14976.19000000,12483.14000000,0.008007,124.89500000000001,FLAT,0.00024020176948637764,NONE,0
2026-01-01 05:56:20.643427,124.89000000,124.90000000,15270.69000000,12508.23000000,0.008007,124.89500000000001,FLAT,0.00024020176948637764,NONE,0
2026-01-01 05:56:31.222860,124.89000000,124.90000000,14016.08000000,15676.63000000,0.008007,124.89500000000001,FLAT,0.00024020176948637764,NONE,0
2026-01-01 05:56:41.564917,124.88000000,124.89000000,13346.91000000,15826.52000000,0.008008,124.88499999999999,FLAT,0.00024022100332306634,NONE,0
2026-01-01 05:56:52.008752,124.88000000,124.89000000,13943.89000000,13576.47000000,0.008008,124.88499999999999,FLAT,0.00024022100332306634,NONE,0
2026-01-01 05:57:02.461699,124.91000000,124.92000000,13921.26000000,16050.46000000,0.008006,124.91499999999999,FLAT,0.0004002721850857219,NONE,0
2026-01-01 05:57:13.135566,124.90000000,124.91000000,14220.89000000,16271.45000000,0.008006,124.905,FLAT,0.00032024338497251546,NONE,0
2026-01-01 05:57:23.594772,124.88000000,124.89000000,12254.45000000,18256.56000000,0.008008,124.88499999999999,FLAT,0.00016014733554878675,NONE,0
2026-01-01 05:57:34.106331,124.88000000,124.89000000,12834.02000000,18143.84000000,0.008008,124.88499999999999,FLAT,0.00024022100332306634,NONE,0
2026-01-01 05:57:44.535574,124.90000000,124.91000000,14595.85000000,15398.48000000,0.008006,124.905,FLAT,0.00024018253872944346,NONE,0
2026-01-01 05:57:55.096873,124.89000000,124.90000000,14356.12000000,15462.72000000,0.008007,124.89500000000001,FLAT,0.000320269025981761,NONE,0
2026-01-01 05:58:05.780978,124.87000000,124.88000000,13711.62000000,15646.78000000,0.008008,124.875,FLAT,0.0004804804804804987,NONE,0
2026-01-01 05:58:16.513883,124.87000000,124.88000000,13784.68000000,15417.16000000,0.008008,124.875,FLAT,0.0004804804804804987,NONE,0
2026-01-01 05:58:26.956947,124.87000000,124.88000000,13713.92000000,15634.22000000,0.008008,124.875,FLAT,0.000560560560560506,NONE,0
2026-01-01 05:58:37.793264,124.87000000,124.88000000,15400.50000000,14240.68000000,0.008008,124.875,FLAT,0.000560560560560506,NONE,0
2026-01-01 05:58:48.426890,124.88000000,124.89000000,15291.37000000,14925.92000000,0.008008,124.88499999999999,FLAT,0.0004804420066461327,NONE,0
2026-01-01 05:58:58.877098,124.88000000,124.89000000,13617.42000000,15862.02000000,0.008008,124.88499999999999,FLAT,0.0004804420066461327,NONE,0
2026-01-01 05:59:09.572129,124.88000000,124.89000000,14145.25000000,15839.73000000,0.008008,124.88499999999999,FLAT,0.0004804420066461327,NONE,0
2026-01-01 05:59:20.133404,124.87000000,124.88000000,14880.46000000,14949.41000000,0.008008,124.875,FLAT,0.000560560560560506,NONE,0
2026-01-01 05:59:30.781863,124.88000000,124.89000000,17515.08000000,12645.56000000,0.008008,124.88499999999999,FLAT,0.0004804420066461327,NONE,0
2026-01-01 05:59:41.308239,124.88000000,124.89000000,15865.73000000,14101.66000000,0.008008,124.88499999999999,FLAT,0.0004804420066461327,NONE,0
2026-01-01 05:59:51.837329,124.88000000,124.89000000,15649.62000000,13296.62000000,0.008008,124.88499999999999,FLAT,0.0004804420066461327,NONE,0
2026-01-01 06:00:02.626801,124.88000000,124.89000000,16082.03000000,12427.60000000,0.008008,124.88499999999999,FLAT,0.0004804420066461327,NONE,0
2026-01-01 06:00:13.077723,124.88000000,124.89000000,15614.64000000,12921.47000000,0.008008,124.88499999999999,FLAT,0.0004804420066461327,NONE,0
2026-01-01 06:00:23.686310,124.90000000,124.91000000,19112.25000000,11793.47000000,0.008006,124.905,FLAT,0.00032024338497251546,NONE,0
2026-01-01 06:00:34.301129,124.91000000,124.92000000,18313.41000000,12514.54000000,0.008006,124.91499999999999,FLAT,0.00024016331105152413,NONE,0
2026-01-01 06:00:44.758809,124.91000000,124.92000000,18400.42000000,12327.15000000,0.008006,124.91499999999999,FLAT,0.00024016331105152413,NONE,0
2026-01-01 06:00:55.411884,124.93000000,124.94000000,19750.31000000,11344.97000000,0.008004,124.935,FLAT,0.0003201664865729543,NONE,0
2026-01-01 06:01:06.040060,124.92000000,124.93000000,16330.62000000,13244.53000000,0.008005,124.92500000000001,FLAT,0.0002401440864518802,NONE,0
2026-01-01 06:01:16.768665,124.90000000,124.91000000,14385.10000000,13050.48000000,0.008006,124.905,FLAT,0.0004003042312157012,NONE,0
2026-01-01 06:01:27.301414,124.94000000,124.95000000,13003.59000000,15829.59000000,0.008004,124.945,FLAT,0.00016007043098948987,NONE,0
2026-01-01 06:01:37.800720,124.93000000,124.94000000,14389.69000000,15908.94000000,0.008004,124.935,FLAT,0.00016008324328647714,NONE,0
2026-01-01 06:01:48.492123,124.94000000,124.95000000,15168.62000000,15211.49000000,0.008004,124.945,FLAT,0.00016007043098948987,NONE,0
2026-01-01 06:01:59.086780,124.94000000,124.95000000,12922.92000000,17294.54000000,0.008004,124.945,FLAT,0.00016007043098948987,NONE,0
2026-01-01 06:02:09.516815,124.94000000,124.95000000,13423.80000000,16084.43000000,0.008004,124.945,FLAT,0.00016007043098948987,NONE,0
2026-01-01 06:02:20.068500,124.93000000,124.94000000,13473.95000000,15543.85000000,0.008004,124.935,FLAT,0.00016008324328647714,NONE,0
2026-01-01 06:02:30.587758,124.93000000,124.94000000,13596.73000000,15510.84000000,0.008004,124.935,FLAT,0.00016008324328647714,NONE,0
2026-01-01 06:02:41.324007,124.93000000,124.94000000,14585.26000000,14004.49000000,0.008004,124.935,FLAT,0.00016008324328647714,NONE,0
2026-01-01 06:02:51.831532,124.93000000,124.94000000,13475.51000000,14724.93000000,0.008004,124.935,FLAT,0.00016008324328647714,NONE,0
2026-01-01 06:03:02.454000,124.94000000,124.95000000,14633.06000000,15706.23000000,0.008004,124.945,FLAT,0.00016007043098948987,NONE,0
2026-01-01 06:03:13.181102,124.94000000,124.95000000,13691.17000000,16378.49000000,0.008004,124.945,FLAT,0.00016007043098948987,NONE,0
2026-01-01 06:03:23.924832,124.94000000,124.95000000,13531.40000000,16191.51000000,0.008004,124.945,FLAT,0.00016007043098948987,NONE,0
2026-01-01 06:03:34.580581,124.94000000,124.95000000,13527.93000000,16475.28000000,0.008004,124.945,FLAT,0.00016007043098948987,NONE,0
2026-01-01 06:03:45.333269,124.94000000,124.95000000,13409.44000000,16438.59000000,0.008004,124.945,FLAT,0.00016007043098948987,NONE,0
2026-01-01 06:03:55.867666,124.94000000,124.95000000,13756.69000000,15548.87000000,0.008004,124.945,FLAT,0.00016007043098948987,NONE,0
2026-01-01 06:04:06.549474,124.95000000,124.96000000,12599.95000000,15924.09000000,0.008003,124.955,FLAT,0.00024008643111521057,NONE,0
2026-01-01 06:04:17.038256,124.95000000,124.96000000,12740.09000000,16083.02000000,0.008003,124.955,FLAT,0.00032011524148698535,NONE,0
2026-01-01 06:04:27.789141,124.92000000,124.93000000,13834.90000000,15246.08000000,0.008005,124.92500000000001,FLAT,0.0006403842305381955,NONE,0
2026-01-01 06:04:38.407653,124.92000000,124.93000000,13166.57000000,15386.37000000,0.008005,124.92500000000001,FLAT,0.0008805283169900757,NONE,0
2026-01-01 06:04:49.032949,124.92000000,124.93000000,13133.70000000,15282.78000000,0.008005,124.92500000000001,FLAT,0.0008805283169900757,NONE,0
2026-01-01 06:04:59.727331,124.92000000,124.93000000,13420.60000000,14073.10000000,0.008005,124.92500000000001,FLAT,0.0008805283169900757,NONE,0
2026-01-01 06:05:10.362824,124.92000000,124.93000000,14326.23000000,13145.71000000,0.008005,124.92500000000001,FLAT,0.0008805283169900757,NONE,0
2026-01-01 06:05:20.955119,124.94000000,124.95000000,12903.53000000,16313.10000000,0.008004,124.945,FLAT,0.0007203169394533869,NONE,0
2026-01-01 06:05:31.484234,124.93000000,124.94000000,13647.44000000,15394.54000000,0.008004,124.935,FLAT,0.0008004162164324994,NONE,0
2026-01-01 06:05:42.195857,124.94000000,124.95000000,16223.79000000,16135.63000000,0.008004,124.945,FLAT,0.0007203169394533869,NONE,0
2026-01-01 06:05:52.685554,124.93000000,124.94000000,13360.10000000,16525.15000000,0.008004,124.935,FLAT,0.0008004162164324994,NONE,0
2026-01-01 06:06:03.236531,124.93000000,124.94000000,15252.07000000,15812.93000000,0.008004,124.935,FLAT,0.0008004162164324994,NONE,0
2026-01-01 06:06:13.722118,124.94000000,124.95000000,15086.67000000,15162.57000000,0.008004,124.945,FLAT,0.0007203169394533869,NONE,0
2026-01-01 06:06:24.251149,124.94000000,124.95000000,15676.37000000,15093.67000000,0.008004,124.945,FLAT,0.0007203169394533869,NONE,0
2026-01-01 06:06:34.755197,124.94000000,124.95000000,15584.65000000,14988.40000000,0.008004,124.945,FLAT,0.0007203169394533869,NONE,0
2026-01-01 06:06:45.286454,124.95000000,124.96000000,15414.34000000,13518.15000000,0.008003,124.955,FLAT,0.000640230482973857,NONE,0
2026-01-01 06:06:55.861402,124.95000000,124.96000000,14951.50000000,14295.93000000,0.008003,124.955,FLAT,0.000640230482973857,NONE,0
2026-01-01 06:07:06.585445,124.98000000,124.99000000,13419.16000000,14374.64000000,0.008001,124.985,FLAT,0.00040004800576066854,NONE,0
2026-01-01 06:07:17.336319,124.99000000,125.00000000,14337.82000000,13851.56000000,0.008001,124.995,FLAT,0.0003200128005120705,NONE,0
2026-01-01 06:07:27.903899,125.00000000,125.01000000,14744.10000000,13500.48000000,0.008000,125.005,FLAT,0.00039998400063995167,NONE,0
2026-01-01 06:07:38.475249,125.03000000,125.04000000,14257.91000000,12960.77000000,0.007998,125.035,FLAT,0.000639820850161941,NONE,0
2026-01-01 06:07:49.183132,124.99000000,125.00000000,12976.07000000,15351.26000000,0.008001,124.995,FLAT,0.0003200128005120705,NONE,0
2026-01-01 06:07:59.768939,125.01000000,125.02000000,14635.09000000,14036.73000000,0.007999,125.015,FLAT,0.00047994240691118885,NONE,0
2026-01-01 06:08:10.461349,125.02000000,125.03000000,15571.00000000,14432.53000000,0.007999,125.025,FLAT,0.00055988802239558,NONE,0
2026-01-01 06:08:21.192477,125.02000000,125.03000000,16930.85000000,14452.07000000,0.007999,125.025,FLAT,0.00055988802239558,NONE,0
2026-01-01 06:08:31.864866,125.02000000,125.03000000,15776.52000000,13765.04000000,0.007999,125.025,FLAT,0.00055988802239558,NONE,0
2026-01-01 06:08:42.461977,125.01000000,125.02000000,15634.58000000,15392.20000000,0.007999,125.015,FLAT,0.00047994240691118885,NONE,0
2026-01-01 06:08:53.186403,125.01000000,125.02000000,16466.46000000,14157.80000000,0.007999,125.015,FLAT,0.00047994240691118885,NONE,0
2026-01-01 06:09:03.956146,125.01000000,125.02000000,13932.63000000,15165.83000000,0.007999,125.015,FLAT,0.00047994240691118885,NONE,0
2026-01-01 06:09:14.488395,124.96000000,124.97000000,12531.18000000,18146.44000000,0.008003,124.965,FLAT,0.0003200896250949629,NONE,0
2026-01-01 06:09:25.185879,124.95000000,124.96000000,15486.00000000,18357.47000000,0.008003,124.955,FLAT,0.0004001440518586464,NONE,0
2026-01-01 06:09:35.934158,124.95000000,124.96000000,13120.27000000,18023.76000000,0.008003,124.955,FLAT,0.0004001440518586464,NONE,0
2026-01-01 06:09:46.697018,124.97000000,124.98000000,14046.22000000,14838.04000000,0.008002,124.975,FLAT,0.0002400480096019295,NONE,0
2026-01-01 06:09:57.325391,124.97000000,124.98000000,13832.71000000,14472.01000000,0.008002,124.975,FLAT,0.0002400480096019295,NONE,0
2026-01-01 06:10:08.088170,124.97000000,124.98000000,15188.45000000,15320.35000000,0.008002,124.975,FLAT,0.0002400480096019295,NONE,0
2026-01-01 06:10:18.482518,124.97000000,124.98000000,15149.83000000,15007.72000000,0.008002,124.975,FLAT,0.0002400480096019295,NONE,0
2026-01-01 06:10:29.049760,124.97000000,124.98000000,16105.31000000,14916.03000000,0.008002,124.975,FLAT,0.0002400480096019295,NONE,0
2026-01-01 06:10:39.707761,124.99000000,125.00000000,17076.62000000,13409.15000000,0.008001,124.995,FLAT,0.00040001600064011654,NONE,0
2026-01-01 06:10:50.242875,124.98000000,124.99000000,14964.72000000,15569.36000000,0.008001,124.985,FLAT,0.00032003840460860305,NONE,0
2026-01-01 06:11:00.987928,124.98000000,124.99000000,14572.29000000,14513.99000000,0.008001,124.985,FLAT,0.00048005760691273403,NONE,0
2026-01-01 06:11:11.701847,124.98000000,124.99000000,16095.98000000,14561.64000000,0.008001,124.985,FLAT,0.00048005760691273403,NONE,0
2026-01-01 06:11:22.460418,125.00000000,125.01000000,13729.84000000,15277.68000000,0.008000,125.005,FLAT,0.0006399744010238317,NONE,0
2026-01-01 06:11:33.193912,124.99000000,125.00000000,15722.50000000,15406.48000000,0.008001,124.995,FLAT,0.0005600224008959812,NONE,0
2026-01-01 06:11:43.761646,124.98000000,124.99000000,14520.23000000,15525.56000000,0.008001,124.985,FLAT,0.00048005760691273403,NONE,0
2026-01-01 06:11:54.149205,124.98000000,124.99000000,14681.23000000,15329.87000000,0.008001,124.985,FLAT,0.00048005760691273403,NONE,0
2026-01-01 06:12:04.853494,124.99000000,125.00000000,15899.40000000,13760.88000000,0.008001,124.995,FLAT,0.0005600224008959812,NONE,0
2026-01-01 06:12:15.424687,124.99000000,125.00000000,13969.59000000,15084.76000000,0.008001,124.995,FLAT,0.0005600224008959812,NONE,0
2026-01-01 06:12:26.257794,124.98000000,124.99000000,15329.96000000,14135.92000000,0.008001,124.985,FLAT,0.00048005760691273403,NONE,0
2026-01-01 06:12:36.823449,124.98000000,124.99000000,14876.60000000,14323.55000000,0.008001,124.985,FLAT,0.00048005760691273403,NONE,0
2026-01-01 06:12:47.525196,124.98000000,124.99000000,14955.94000000,14828.57000000,0.008001,124.985,FLAT,0.00048005760691273403,NONE,0
2026-01-01 06:12:58.094247,124.96000000,124.97000000,14831.60000000,14449.35000000,0.008003,124.965,FLAT,0.0003200896250949629,NONE,0
2026-01-01 06:13:08.679690,124.96000000,124.97000000,12474.97000000,16522.13000000,0.008003,124.965,FLAT,0.0003200896250949629,NONE,0
2026-01-01 06:13:19.462650,124.96000000,124.97000000,12091.56000000,16533.76000000,0.008003,124.965,FLAT,0.0003200896250949629,NONE,0
2026-01-01 06:13:30.082299,124.96000000,124.97000000,12097.64000000,16672.34000000,0.008003,124.965,FLAT,0.0003200896250949629,NONE,0
2026-01-01 06:13:40.703412,124.94000000,124.95000000,13351.67000000,16059.19000000,0.008004,124.945,FLAT,0.0004001760774741796,NONE,0
2026-01-01 06:13:51.370490,124.94000000,124.95000000,13026.35000000,16066.07000000,0.008004,124.945,FLAT,0.0004001760774741796,NONE,0
2026-01-01 06:14:01.922396,124.92000000,124.93000000,14000.09000000,15299.28000000,0.008005,124.92500000000001,FLAT,0.000560336201720978,NONE,0
2026-01-01 06:14:12.552200,124.92000000,124.93000000,14548.32000000,15429.24000000,0.008005,124.92500000000001,FLAT,0.000560336201720978,NONE,0
2026-01-01 06:14:23.076307,124.93000000,124.94000000,14956.36000000,15021.67000000,0.008004,124.935,FLAT,0.0004802497298595451,NONE,0
2026-01-01 06:14:33.712335,124.93000000,124.94000000,14251.16000000,15286.44000000,0.008004,124.935,FLAT,0.0004802497298595451,NONE,0
2026-01-01 06:14:44.167431,124.93000000,124.94000000,15270.43000000,14947.27000000,0.008004,124.935,FLAT,0.0004802497298595451,NONE,0
2026-01-01 06:14:54.851670,124.94000000,124.95000000,15952.72000000,16262.25000000,0.008004,124.945,FLAT,0.0004001760774741796,NONE,0
2026-01-01 06:15:05.357521,124.95000000,124.96000000,16239.64000000,15638.98000000,0.008003,124.955,FLAT,0.00032011524148698535,NONE,0
2026-01-01 06:15:15.902763,124.95000000,124.96000000,16236.63000000,16208.16000000,0.008003,124.955,FLAT,0.00032011524148698535,NONE,0
2026-01-01 06:15:26.647506,124.95000000,124.96000000,16167.49000000,15934.97000000,0.008003,124.955,FLAT,0.00032011524148698535,NONE,0
2026-01-01 06:15:37.289677,124.96000000,124.97000000,15546.13000000,15113.02000000,0.008003,124.965,FLAT,0.0003200896250949629,NONE,0
2026-01-01 06:15:48.085518,124.96000000,124.97000000,15598.40000000,15064.14000000,0.008003,124.965,FLAT,0.0003200896250949629,NONE,0
2026-01-01 06:15:58.881312,124.96000000,124.97000000,15867.82000000,14142.09000000,0.008003,124.965,FLAT,0.0003200896250949629,NONE,0
2026-01-01 06:16:09.490937,124.99000000,125.00000000,14662.04000000,13307.93000000,0.008001,124.995,FLAT,0.0005600224008959812,NONE,0
2026-01-01 06:16:19.844854,124.99000000,125.00000000,14275.07000000,13676.34000000,0.008001,124.995,FLAT,0.0005600224008959812,NONE,0
2026-01-01 06:16:30.394655,124.99000000,125.00000000,14534.56000000,13288.19000000,0.008001,124.995,FLAT,0.0005600224008959812,NONE,0
2026-01-01 06:16:40.851183,124.96000000,124.97000000,15292.31000000,16782.38000000,0.008003,124.965,FLAT,0.0003200896250949629,NONE,0
2026-01-01 06:16:51.423313,124.93000000,124.94000000,16017.00000000,19135.97000000,0.008004,124.935,FLAT,0.0004002081082162497,NONE,0
2026-01-01 06:17:02.010453,124.92000000,124.93000000,17204.15000000,17297.10000000,0.008005,124.92500000000001,FLAT,0.00048028817290364663,NONE,0
2026-01-01 06:17:12.620893,124.93000000,124.94000000,16435.63000000,16851.66000000,0.008004,124.935,FLAT,0.0004002081082162497,NONE,0
2026-01-01 06:17:23.252901,124.93000000,124.94000000,14954.95000000,17949.65000000,0.008004,124.935,FLAT,0.0004002081082162497,NONE,0
2026-01-01 06:17:33.709144,124.93000000,124.94000000,14115.88000000,18237.69000000,0.008004,124.935,FLAT,0.0004002081082162497,NONE,0
2026-01-01 06:17:44.427219,124.93000000,124.94000000,15121.92000000,17591.48000000,0.008004,124.935,FLAT,0.0005602913515027269,NONE,0
2026-01-01 06:17:55.298434,124.94000000,124.95000000,16782.63000000,16023.05000000,0.008004,124.945,FLAT,0.00048021129296892454,NONE,0
2026-01-01 06:18:05.942754,124.95000000,124.96000000,16866.16000000,17409.33000000,0.008003,124.955,FLAT,0.0004001440518586464,NONE,0
2026-01-01 06:18:16.757248,124.95000000,124.96000000,16638.84000000,16097.90000000,0.008003,124.955,FLAT,0.0004001440518586464,NONE,0
2026-01-01 06:18:27.297467,124.95000000,124.96000000,16438.77000000,16977.93000000,0.008003,124.955,FLAT,0.0004001440518586464,NONE,0
2026-01-01 06:18:37.999155,124.95000000,124.96000000,16631.86000000,17873.59000000,0.008003,124.955,FLAT,0.0004001440518586464,NONE,0
2026-01-01 06:18:48.504195,124.95000000,124.96000000,17453.23000000,15862.83000000,0.008003,124.955,FLAT,0.0004001440518586464,NONE,0
2026-01-01 06:18:59.370017,124.98000000,124.99000000,16970.97000000,12735.13000000,0.008001,124.985,FLAT,0.00024002880345642386,NONE,0
2026-01-01 06:19:10.038234,124.98000000,124.99000000,17471.17000000,12435.31000000,0.008001,124.985,FLAT,0.00024002880345642386,NONE,0
2026-01-01 06:19:20.854114,124.98000000,124.99000000,17559.01000000,12450.18000000,0.008001,124.985,FLAT,0.00040004800576066854,NONE,0
2026-01-01 06:19:31.518157,124.95000000,124.96000000,16502.30000000,16283.48000000,0.008003,124.955,FLAT,0.0004001440518586464,NONE,0
2026-01-01 06:19:41.940039,124.95000000,124.96000000,16920.41000000,15679.11000000,0.008003,124.955,FLAT,0.0004001440518586464,NONE,0
2026-01-01 06:19:52.589154,124.97000000,124.98000000,16923.01000000,12685.46000000,0.008002,124.975,FLAT,0.0005601120224044264,NONE,0
2026-01-01 06:20:03.127439,124.97000000,124.98000000,17329.13000000,12933.53000000,0.008002,124.975,FLAT,0.0005601120224044264,NONE,0
2026-01-01 06:20:13.780334,124.97000000,124.98000000,16529.39000000,12962.29000000,0.008002,124.975,FLAT,0.0005601120224044264,NONE,0
2026-01-01 06:20:24.462103,124.97000000,124.98000000,17258.87000000,12551.19000000,0.008002,124.975,FLAT,0.0005601120224044264,NONE,0
2026-01-01 06:20:34.949692,124.98000000,124.99000000,17441.28000000,13535.66000000,0.008001,124.985,FLAT,0.0006400768092170924,NONE,0
2026-01-01 06:20:45.578945,125.00000000,125.01000000,15435.96000000,13966.26000000,0.008000,125.005,FLAT,0.0007999680012799033,NONE,0
2026-01-01 06:20:56.184095,124.98000000,124.99000000,15898.78000000,14656.95000000,0.008001,124.985,FLAT,0.0007200864103691579,NONE,0
2026-01-01 06:21:06.671454,124.98000000,124.99000000,16256.18000000,13322.75000000,0.008001,124.985,FLAT,0.0007200864103691579,NONE,0
2026-01-01 06:21:17.311189,124.98000000,124.99000000,16255.51000000,13496.06000000,0.008001,124.985,FLAT,0.0007200864103691579,NONE,0
2026-01-01 06:21:28.069572,124.98000000,124.99000000,17136.16000000,13567.68000000,0.008001,124.985,FLAT,0.0007200864103691579,NONE,0
2026-01-01 06:21:38.520517,124.95000000,124.96000000,19149.97000000,16371.66000000,0.008003,124.955,FLAT,0.0004801728622303074,NONE,0
2026-01-01 06:21:49.212964,124.95000000,124.96000000,20038.51000000,16811.91000000,0.008003,124.955,FLAT,0.0004801728622303074,NONE,0
2026-01-01 06:21:59.816824,124.95000000,124.96000000,19368.20000000,14356.97000000,0.008003,124.955,FLAT,0.0004801728622303074,NONE,0
2026-01-01 06:22:10.632828,124.95000000,124.96000000,19637.08000000,14408.08000000,0.008003,124.955,FLAT,0.0004801728622303074,NONE,0
2026-01-01 06:22:21.163527,124.93000000,124.94000000,19156.17000000,17809.06000000,0.008004,124.935,FLAT,0.0003201664865729543,NONE,0
2026-01-01 06:22:31.735732,124.90000000,124.91000000,17364.36000000,14728.31000000,0.008006,124.905,FLAT,0.0004803650774588869,NONE,0
2026-01-01 06:22:42.368046,124.91000000,124.92000000,18456.10000000,15570.39000000,0.008006,124.91499999999999,FLAT,0.0004002721850859494,NONE,0
2026-01-01 06:22:52.917267,124.91000000,124.92000000,17911.88000000,15738.28000000,0.008006,124.91499999999999,FLAT,0.0004002721850859494,NONE,0
2026-01-01 06:23:03.493990,124.91000000,124.92000000,17721.81000000,15309.34000000,0.008006,124.91499999999999,FLAT,0.0004002721850859494,NONE,0
2026-01-01 06:23:14.215949,124.91000000,124.92000000,17562.95000000,15425.37000000,0.008006,124.91499999999999,FLAT,0.0004002721850859494,NONE,0
2026-01-01 06:23:24.693692,124.92000000,124.93000000,15383.64000000,15845.08000000,0.008005,124.92500000000001,FLAT,0.0003201921152690978,NONE,0
2026-01-01 06:23:35.285288,124.92000000,124.93000000,15801.52000000,15717.75000000,0.008005,124.92500000000001,FLAT,0.0003201921152690978,NONE,0
2026-01-01 06:23:45.753356,124.93000000,124.94000000,16919.87000000,13632.58000000,0.008004,124.935,FLAT,0.0003201664865729543,NONE,0
2026-01-01 06:23:56.447304,124.93000000,124.94000000,14758.51000000,13117.87000000,0.008004,124.935,FLAT,0.00024012486492977256,NONE,0
2026-01-01 06:24:07.056738,124.95000000,124.96000000,18254.35000000,13822.98000000,0.008003,124.955,FLAT,0.0004001440518586464,NONE,0
2026-01-01 06:24:17.626399,124.96000000,124.97000000,15289.29000000,14330.97000000,0.008003,124.965,FLAT,0.0004801344376425581,NONE,0
2026-01-01 06:24:28.336294,124.96000000,124.97000000,14244.44000000,14991.39000000,0.008003,124.965,FLAT,0.0004801344376425581,NONE,0
2026-01-01 06:24:39.153213,124.92000000,124.93000000,16810.36000000,19209.83000000,0.008005,124.92500000000001,FLAT,0.00048028817290364663,NONE,0
2026-01-01 06:24:49.852498,124.92000000,124.93000000,16782.82000000,19490.19000000,0.008005,124.92500000000001,FLAT,0.000560336201720978,NONE,0
2026-01-01 06:25:00.561057,124.92000000,124.93000000,15759.23000000,18799.01000000,0.008005,124.92500000000001,FLAT,0.0007204322593555269,NONE,0
2026-01-01 06:25:11.319681,124.92000000,124.93000000,15894.93000000,18075.41000000,0.008005,124.92500000000001,FLAT,0.0008004802881728582,NONE,0
2026-01-01 06:25:22.219598,124.92000000,124.93000000,14928.10000000,19040.67000000,0.008005,124.92500000000001,FLAT,0.0008004802881728582,NONE,0
2026-01-01 06:25:32.877771,124.92000000,124.93000000,16081.56000000,18533.25000000,0.008005,124.92500000000001,FLAT,0.0008004802881728582,NONE,0
2026-01-01 06:25:43.464334,124.92000000,124.93000000,15337.17000000,18706.71000000,0.008005,124.92500000000001,FLAT,0.0008004802881728582,NONE,0
2026-01-01 06:25:54.156993,124.92000000,124.93000000,14096.11000000,19924.15000000,0.008005,124.92500000000001,FLAT,0.0008004802881728582,NONE,0
2026-01-01 06:26:04.458972,124.90000000,124.91000000,15300.18000000,19236.95000000,0.008006,124.905,FLAT,0.0009607301549177738,NONE,0
2026-01-01 06:26:14.998149,124.90000000,124.91000000,15283.56000000,19874.41000000,0.008006,124.905,FLAT,0.0009607301549177738,NONE,0
2026-01-01 06:26:25.592238,124.90000000,124.91000000,15339.25000000,19824.06000000,0.008006,124.905,FLAT,0.0009607301549177738,NONE,0
2026-01-01 06:26:36.270383,124.90000000,124.91000000,16443.20000000,18867.78000000,0.008006,124.905,FLAT,0.0009607301549177738,NONE,0
2026-01-01 06:26:47.123710,124.91000000,124.92000000,15059.81000000,17719.64000000,0.008006,124.91499999999999,FLAT,0.0008805988071889977,NONE,0
2026-01-01 06:26:57.870005,124.95000000,124.96000000,16970.94000000,12673.94000000,0.008003,124.955,FLAT,0.000640230482973857,NONE,0
2026-01-01 06:27:08.308017,124.95000000,124.96000000,17359.05000000,12522.14000000,0.008003,124.955,FLAT,0.0007202592933456318,NONE,0
2026-01-01 06:27:18.846512,124.98000000,124.99000000,16645.37000000,12808.03000000,0.008001,124.985,FLAT,0.0004800576069128477,NONE,0
2026-01-01 06:27:29.493553,124.98000000,124.99000000,16437.73000000,12081.06000000,0.008001,124.985,FLAT,0.0004800576069128477,NONE,0
2026-01-01 06:27:39.997082,124.98000000,124.99000000,17582.23000000,12120.42000000,0.008001,124.985,FLAT,0.0004800576069128477,NONE,0
2026-01-01 06:27:50.720484,124.99000000,125.00000000,17785.33000000,12225.00000000,0.008001,124.995,FLAT,0.00040001600064000286,NONE,0
2026-01-01 06:28:01.481814,125.01000000,125.02000000,16962.84000000,12932.29000000,0.007999,125.015,FLAT,0.0006399232092148806,NONE,0
2026-01-01 06:28:12.140932,125.02000000,125.03000000,16037.37000000,13439.93000000,0.007999,125.025,FLAT,0.0007198560287942683,NONE,0
2026-01-01 06:28:22.777259,125.02000000,125.03000000,17080.51000000,12737.30000000,0.007999,125.025,FLAT,0.0007198560287942683,NONE,0
2026-01-01 06:28:33.431268,125.02000000,125.03000000,17338.26000000,12820.62000000,0.007999,125.025,FLAT,0.0007198560287942683,NONE,0
2026-01-01 06:28:43.884698,125.02000000,125.03000000,16767.30000000,13278.93000000,0.007999,125.025,FLAT,0.0007198560287942683,NONE,0
2026-01-01 06:28:54.574089,125.02000000,125.03000000,16429.53000000,13089.34000000,0.007999,125.025,FLAT,0.0007198560287942683,NONE,0
2026-01-01 06:29:05.095638,125.01000000,125.02000000,15904.88000000,15173.13000000,0.007999,125.015,FLAT,0.0006399232092148806,NONE,0
2026-01-01 06:29:15.465149,125.01000000,125.02000000,16213.83000000,14230.00000000,0.007999,125.015,FLAT,0.0014398272207334529,NONE,0
2026-01-01 06:29:26.000677,125.01000000,125.02000000,15962.85000000,14234.02000000,0.007999,125.015,FLAT,0.0014398272207334529,NONE,0
2026-01-01 06:29:36.465816,125.01000000,125.02000000,15810.03000000,14310.99000000,0.007999,125.015,FLAT,0.0014398272207334529,NONE,0
2026-01-01 06:29:46.967778,125.01000000,125.02000000,17250.55000000,12326.11000000,0.007999,125.015,FLAT,0.0014398272207334529,NONE,0
2026-01-01 06:29:57.462041,125.02000000,125.03000000,14741.15000000,13369.28000000,0.007999,125.025,FLAT,0.001359728054389022,NONE,0
2026-01-01 06:30:08.150709,125.04000000,125.05000000,15655.44000000,11177.33000000,0.007997,125.045,FLAT,0.0011995681554639647,NONE,0
2026-01-01 06:30:18.745398,125.04000000,125.05000000,16723.28000000,11074.96000000,0.007997,125.045,FLAT,0.0011995681554639647,NONE,0
2026-01-01 06:30:29.528026,124.98000000,124.99000000,11924.84000000,24369.70000000,0.008001,124.985,FLAT,0.0016802016241948534,NONE,0
2026-01-01 06:30:40.293744,124.98000000,124.99000000,14285.47000000,21705.80000000,0.008001,124.985,FLAT,0.0016802016241948534,NONE,0
2026-01-01 06:30:51.232770,125.00000000,125.01000000,15120.58000000,17759.37000000,0.008000,125.005,FLAT,0.0015199392024318845,NONE,0
2026-01-01 06:31:01.664113,124.93000000,124.94000000,12816.76000000,25818.68000000,0.008004,124.935,FLAT,0.002081082162724544,NONE,0
2026-01-01 06:31:13.091420,124.95000000,124.96000000,13955.31000000,22899.55000000,0.008003,124.955,FLAT,0.001920691448921571,NONE,0
2026-01-01 06:31:23.908445,124.97000000,124.98000000,14892.48000000,15548.54000000,0.008002,124.975,FLAT,0.0017603520704140738,NONE,0
2026-01-01 06:31:34.782104,124.98000000,124.99000000,15411.68000000,13339.01000000,0.008001,124.985,FLAT,0.0016802016241948534,NONE,0
2026-01-01 06:31:45.695978,124.98000000,124.99000000,14400.35000000,14344.99000000,0.008001,124.985,FLAT,0.0016802016241948534,NONE,0
2026-01-01 06:31:56.103316,124.98000000,124.99000000,14211.67000000,15166.73000000,0.008001,124.985,FLAT,0.0016802016241948534,NONE,0
2026-01-01 06:32:06.692687,125.03000000,125.04000000,16349.97000000,14073.17000000,0.007998,125.035,FLAT,0.001279641700323882,NONE,0
2026-01-01 06:32:17.200144,125.16000000,125.17000000,14070.39000000,15865.76000000,0.007990,125.16499999999999,FLAT,0.00039947269604108935,NONE,0
2026-01-01 06:32:27.772546,125.16000000,125.17000000,15067.91000000,15629.00000000,0.007990,125.16499999999999,FLAT,0.00039947269604108935,NONE,0
2026-01-01 06:32:38.250200,125.14000000,125.15000000,12684.23000000,18280.88000000,0.007991,125.14500000000001,FLAT,0.0004794438451395426,NONE,0
2026-01-01 06:32:48.797748,125.13000000,125.14000000,12840.95000000,16687.38000000,0.007992,125.13499999999999,FLAT,0.0005593958524793814,NONE,0
2026-01-01 06:32:59.227503,125.13000000,125.14000000,13021.67000000,15405.60000000,0.007992,125.13499999999999,FLAT,0.0005593958524793814,NONE,0
2026-01-01 06:33:09.801603,125.17000000,125.18000000,14295.15000000,15941.52000000,0.007989,125.17500000000001,FLAT,0.00023966446974236976,NONE,0
2026-01-01 06:33:20.576227,125.15000000,125.16000000,15034.01000000,16112.26000000,0.007990,125.155,FLAT,0.0003995046142782722,NONE,0
2026-01-01 06:33:31.346314,125.16000000,125.17000000,14009.04000000,15323.59000000,0.007990,125.16499999999999,FLAT,0.00031957815683303044,NONE,0
2026-01-01 06:33:41.916185,125.16000000,125.17000000,14633.85000000,14615.23000000,0.007990,125.16499999999999,FLAT,0.00039947269604108935,NONE,0
2026-01-01 06:33:52.446222,125.17000000,125.18000000,13873.75000000,14751.42000000,0.007989,125.17500000000001,FLAT,0.0004793289394847395,NONE,0
2026-01-01 06:34:03.570204,125.16000000,125.17000000,14290.38000000,15329.10000000,0.007990,125.16499999999999,FLAT,0.00039947269604108935,NONE,0
2026-01-01 06:34:14.296566,125.16000000,125.17000000,14595.96000000,14945.98000000,0.007990,125.16499999999999,FLAT,0.0007190508528742333,NONE,0
2026-01-01 06:34:25.015923,125.15000000,125.16000000,14016.18000000,17138.90000000,0.007990,125.155,FLAT,0.0006392073828453718,NONE,0
2026-01-01 06:34:35.399133,125.15000000,125.16000000,13417.52000000,16563.55000000,0.007990,125.155,FLAT,0.0006392073828453718,NONE,0
2026-01-01 06:34:45.987350,125.15000000,125.16000000,12719.68000000,16375.01000000,0.007990,125.155,FLAT,0.0006392073828453718,NONE,0
2026-01-01 06:34:56.565025,125.15000000,125.16000000,15166.34000000,14202.83000000,0.007990,125.155,FLAT,0.0006392073828453718,NONE,0
2026-01-01 06:35:07.196673,125.15000000,125.16000000,13817.68000000,14580.46000000,0.007990,125.155,FLAT,0.0006392073828453718,NONE,0
2026-01-01 06:35:17.797099,125.20000000,125.21000000,16935.64000000,13133.23000000,0.007987,125.205,FLAT,0.0010382971926042063,NONE,0
2026-01-01 06:35:28.351401,125.20000000,125.21000000,15701.40000000,14928.60000000,0.007987,125.205,FLAT,0.0010382971926042063,NONE,0
2026-01-01 06:35:38.952943,125.20000000,125.21000000,15996.15000000,17102.58000000,0.007987,125.205,FLAT,0.0010382971926042063,NONE,0
2026-01-01 06:35:49.546054,125.19000000,125.20000000,15411.03000000,15954.11000000,0.007988,125.195,FLAT,0.0009585047326171537,NONE,0
2026-01-01 06:36:00.223679,125.20000000,125.21000000,17370.56000000,14205.24000000,0.007987,125.205,FLAT,0.0010382971926042063,NONE,0
2026-01-01 06:36:10.842791,125.20000000,125.21000000,17450.17000000,14181.24000000,0.007987,125.205,FLAT,0.0010382971926042063,NONE,0
2026-01-01 06:36:21.385056,125.20000000,125.21000000,17041.67000000,15399.72000000,0.007987,125.205,FLAT,0.0010382971926042063,NONE,0
2026-01-01 06:36:31.915045,125.12000000,125.13000000,11876.36000000,15598.86000000,0.007992,125.125,FLAT,0.00039960039960049046,NONE,0
2026-01-01 06:36:42.724820,125.12000000,125.13000000,12352.04000000,14355.13000000,0.007992,125.125,FLAT,0.00039960039960049046,NONE,0
2026-01-01 06:36:53.419737,125.12000000,125.13000000,11239.78000000,14260.93000000,0.007992,125.125,FLAT,0.00039960039960049046,NONE,0
2026-01-01 06:37:03.953068,125.07000000,125.08000000,11325.20000000,13301.12000000,0.007996,125.07499999999999,FLAT,0.0006396162302619429,NONE,0
2026-01-01 06:37:14.484272,125.08000000,125.09000000,12416.79000000,12449.40000000,0.007995,125.08500000000001,FLAT,0.0005596194587679832,NONE,0
2026-01-01 06:37:25.265770,125.12000000,125.13000000,15277.36000000,8913.44000000,0.007992,125.125,FLAT,0.0004795204795204977,NONE,0
2026-01-01 06:37:35.943147,125.08000000,125.09000000,11561.25000000,13658.27000000,0.007995,125.08500000000001,FLAT,0.0005596194587679832,NONE,0
2026-01-01 06:37:46.671324,125.10000000,125.11000000,13012.29000000,12252.08000000,0.007994,125.10499999999999,FLAT,0.00039966428200320826,NONE,0
2026-01-01 06:37:57.340134,125.10000000,125.11000000,13300.34000000,12113.57000000,0.007994,125.10499999999999,FLAT,0.00039966428200320826,NONE,0
2026-01-01 06:38:07.965581,125.13000000,125.14000000,13167.57000000,11618.62000000,0.007992,125.13499999999999,FLAT,0.0005593958524792679,NONE,0
2026-01-01 06:38:18.759209,125.14000000,125.15000000,12998.92000000,12586.21000000,0.007991,125.14500000000001,FLAT,0.0006392584601862839,NONE,0
2026-01-01 06:38:29.486978,125.11000000,125.12000000,12377.53000000,16823.98000000,0.007993,125.11500000000001,FLAT,0.00039963233824890195,NONE,0
2026-01-01 06:38:40.112606,125.09000000,125.10000000,12703.31000000,18049.05000000,0.007994,125.095,FLAT,0.00039969623086463384,NONE,0
2026-01-01 06:38:50.867812,125.09000000,125.10000000,12547.48000000,17998.71000000,0.007994,125.095,FLAT,0.00039969623086463384,NONE,0
2026-01-01 06:39:01.529026,125.08000000,125.09000000,12594.87000000,16268.05000000,0.007995,125.08500000000001,FLAT,0.0005596194587679832,NONE,0
2026-01-01 06:39:12.031059,125.09000000,125.10000000,11966.34000000,16579.52000000,0.007994,125.095,FLAT,0.0006395139693833687,NONE,0
2026-01-01 06:39:22.730908,125.07000000,125.08000000,10825.05000000,18868.81000000,0.007996,125.07499999999999,FLAT,0.0007995202878274854,NONE,0
2026-01-01 06:39:33.400522,125.07000000,125.08000000,11310.54000000,16693.94000000,0.007996,125.07499999999999,FLAT,0.0007995202878274854,NONE,0
2026-01-01 06:39:44.217034,125.07000000,125.08000000,11532.62000000,16429.69000000,0.007996,125.07499999999999,FLAT,0.0007995202878274854,NONE,0
2026-01-01 06:39:54.752998,125.07000000,125.08000000,11914.59000000,16269.35000000,0.007996,125.07499999999999,FLAT,0.0007995202878274854,NONE,0
2026-01-01 06:40:05.504638,125.07000000,125.08000000,12111.32000000,16393.66000000,0.007996,125.07499999999999,FLAT,0.0007995202878274854,NONE,0
2026-01-01 06:40:16.111189,125.07000000,125.08000000,11105.72000000,16949.04000000,0.007996,125.07499999999999,FLAT,0.0007995202878274854,NONE,0
2026-01-01 06:40:26.572637,125.07000000,125.08000000,14603.62000000,15091.91000000,0.007996,125.07499999999999,FLAT,0.0007995202878274854,NONE,0
2026-01-01 06:40:37.106410,125.07000000,125.08000000,14285.63000000,16556.27000000,0.007996,125.07499999999999,FLAT,0.0007995202878274854,NONE,0
2026-01-01 06:40:47.648710,125.07000000,125.08000000,13563.10000000,16954.49000000,0.007996,125.07499999999999,FLAT,0.0007995202878274854,NONE,0
2026-01-01 06:40:58.219199,125.11000000,125.12000000,18375.24000000,14249.95000000,0.007993,125.11500000000001,FLAT,0.00047955880589859145,NONE,0
2026-01-01 06:41:08.957346,125.12000000,125.13000000,17969.75000000,14896.47000000,0.007992,125.125,FLAT,0.00039960039960049046,NONE,0
2026-01-01 06:41:19.682140,125.14000000,125.15000000,21192.85000000,11520.09000000,0.007991,125.14500000000001,FLAT,0.00023972192256982807,NONE,0
2026-01-01 06:41:30.280391,125.14000000,125.15000000,19690.84000000,12848.61000000,0.007991,125.14500000000001,FLAT,0.00023972192256982807,NONE,0
2026-01-01 06:41:40.876751,125.13000000,125.14000000,17748.24000000,14200.68000000,0.007992,125.13499999999999,FLAT,0.0003196547728454906,NONE,0
2026-01-01 06:41:51.410464,125.13000000,125.14000000,18719.93000000,13349.38000000,0.007992,125.13499999999999,FLAT,0.0003196547728454906,NONE,0
2026-01-01 06:42:01.923324,125.15000000,125.16000000,21779.14000000,12183.20000000,0.007990,125.155,FLAT,0.00015980184571139972,NONE,0
2026-01-01 06:42:12.725444,125.17000000,125.18000000,19593.67000000,12962.43000000,0.007989,125.17500000000001,FLAT,7.988815658094129e-05,NONE,0
2026-01-01 06:42:23.220152,125.17000000,125.18000000,18072.89000000,13856.60000000,0.007989,125.17500000000001,FLAT,7.988815658094129e-05,NONE,0
2026-01-01 06:42:33.817871,125.17000000,125.18000000,18112.39000000,14665.87000000,0.007989,125.17500000000001,FLAT,7.988815658094129e-05,NONE,0
2026-01-01 06:42:44.628837,125.16000000,125.17000000,18668.26000000,14646.51000000,0.007990,125.16499999999999,FLAT,0.0,NONE,0
2026-01-01 06:42:55.191197,125.16000000,125.17000000,18815.61000000,14871.03000000,0.007990,125.16499999999999,FLAT,0.0,NONE,0
2026-01-01 06:43:05.803280,125.16000000,125.17000000,19566.72000000,14587.14000000,0.007990,125.16499999999999,FLAT,0.0,NONE,0
2026-01-01 06:43:16.372782,125.16000000,125.17000000,19634.20000000,14307.93000000,0.007990,125.16499999999999,FLAT,0.0,NONE,0
2026-01-01 06:43:26.927711,125.16000000,125.17000000,19212.82000000,14517.13000000,0.007990,125.16499999999999,FLAT,0.00015978907841634492,NONE,0
2026-01-01 06:43:37.518104,125.16000000,125.17000000,19312.56000000,14118.16000000,0.007990,125.16499999999999,FLAT,0.00015978907841634492,NONE,0
2026-01-01 06:43:48.026033,125.16000000,125.17000000,19478.37000000,14358.37000000,0.007990,125.16499999999999,FLAT,0.00015978907841634492,NONE,0
2026-01-01 06:43:58.769689,125.16000000,125.17000000,19418.82000000,14737.04000000,0.007990,125.16499999999999,FLAT,0.00015978907841634492,NONE,0
2026-01-01 06:44:09.282680,125.16000000,125.17000000,19084.99000000,14779.96000000,0.007990,125.16499999999999,FLAT,0.00015978907841634492,NONE,0
2026-01-01 06:44:19.874188,125.16000000,125.17000000,18960.88000000,14800.19000000,0.007990,125.16499999999999,FLAT,0.00015978907841634492,NONE,0
2026-01-01 06:44:30.596504,125.16000000,125.17000000,19268.11000000,14658.73000000,0.007990,125.16499999999999,FLAT,0.00015978907841634492,NONE,0
2026-01-01 06:44:41.153344,125.16000000,125.17000000,19235.94000000,14753.91000000,0.007990,125.16499999999999,FLAT,0.00015978907841634492,NONE,0
2026-01-01 06:44:51.943720,125.16000000,125.17000000,19251.56000000,14425.30000000,0.007990,125.16499999999999,FLAT,0.00015978907841634492,NONE,0
2026-01-01 06:45:02.642040,125.16000000,125.17000000,19564.75000000,14140.49000000,0.007990,125.16499999999999,FLAT,0.00031957815683291693,NONE,0
2026-01-01 06:45:13.141081,125.16000000,125.17000000,19421.76000000,14298.74000000,0.007990,125.16499999999999,FLAT,0.00031957815683291693,NONE,0
2026-01-01 06:45:24.020765,125.16000000,125.17000000,14328.20000000,15284.20000000,0.007990,125.16499999999999,FLAT,0.00031957815683291693,NONE,0
2026-01-01 06:45:34.777302,125.16000000,125.17000000,14647.77000000,14959.88000000,0.007990,125.16499999999999,FLAT,0.00031957815683291693,NONE,0
2026-01-01 06:45:45.290268,125.16000000,125.17000000,14674.64000000,15156.31000000,0.007990,125.16499999999999,FLAT,0.00031957815683291693,NONE,0
2026-01-01 06:45:55.924942,125.16000000,125.17000000,15688.88000000,14957.55000000,0.007990,125.16499999999999,FLAT,0.00031957815683291693,NONE,0
2026-01-01 06:46:06.611854,125.16000000,125.17000000,14284.87000000,15147.70000000,0.007990,125.16499999999999,FLAT,0.00031957815683291693,NONE,0
2026-01-01 06:46:17.123557,125.16000000,125.17000000,14327.19000000,14963.49000000,0.007990,125.16499999999999,FLAT,0.00031957815683291693,NONE,0
2026-01-01 06:46:27.933514,125.14000000,125.15000000,15950.91000000,13606.61000000,0.007991,125.14500000000001,FLAT,0.00015981461504662776,NONE,0
2026-01-01 06:46:38.574440,125.15000000,125.16000000,15597.33000000,15435.27000000,0.007990,125.155,FLAT,0.00023970276856698602,NONE,0
2026-01-01 06:46:48.968554,125.15000000,125.16000000,15596.11000000,15087.50000000,0.007990,125.155,FLAT,0.00023970276856698602,NONE,0
2026-01-01 06:46:59.685021,125.15000000,125.16000000,15364.40000000,15440.65000000,0.007990,125.155,FLAT,0.00023970276856698602,NONE,0
2026-01-01 06:47:10.118009,125.15000000,125.16000000,15809.02000000,15896.36000000,0.007990,125.155,FLAT,0.00023970276856698602,NONE,0
2026-01-01 06:47:20.722927,125.14000000,125.15000000,14506.37000000,16704.29000000,0.007991,125.14500000000001,FLAT,0.0003995365376162287,NONE,0
2026-01-01 06:47:31.262419,125.14000000,125.15000000,14948.34000000,16164.14000000,0.007991,125.14500000000001,FLAT,0.0003995365376162287,NONE,0
2026-01-01 06:47:41.952002,125.14000000,125.15000000,14804.16000000,16191.97000000,0.007991,125.14500000000001,FLAT,0.0003995365376162287,NONE,0
2026-01-01 06:47:52.809242,125.14000000,125.15000000,14758.97000000,16395.49000000,0.007991,125.14500000000001,FLAT,0.0003995365376162287,NONE,0
2026-01-01 06:48:03.600262,125.14000000,125.15000000,16768.57000000,15474.60000000,0.007991,125.14500000000001,FLAT,0.0003995365376162287,NONE,0
2026-01-01 06:48:14.275180,125.14000000,125.15000000,15374.26000000,16011.77000000,0.007991,125.14500000000001,FLAT,0.0003995365376162287,NONE,0
2026-01-01 06:48:24.812266,125.14000000,125.15000000,15454.90000000,16038.98000000,0.007991,125.14500000000001,FLAT,0.0003995365376162287,NONE,0
2026-01-01 06:48:35.506514,125.14000000,125.15000000,15212.04000000,16212.89000000,0.007991,125.14500000000001,FLAT,0.0003995365376162287,NONE,0
2026-01-01 06:48:46.169712,125.14000000,125.15000000,15753.21000000,14403.05000000,0.007991,125.14500000000001,FLAT,0.0003995365376162287,NONE,0
2026-01-01 06:48:57.051610,125.14000000,125.15000000,15867.77000000,14700.62000000,0.007991,125.14500000000001,FLAT,0.0003995365376162287,NONE,0
2026-01-01 06:49:07.530940,125.15000000,125.16000000,13684.03000000,16493.10000000,0.007990,125.155,FLAT,0.00031960369142257236,NONE,0
2026-01-01 06:49:18.262593,125.16000000,125.17000000,17484.71000000,14108.92000000,0.007990,125.16499999999999,FLAT,0.00031957815683291693,NONE,0
2026-01-01 06:49:28.945051,125.12000000,125.13000000,12854.89000000,17570.72000000,0.007992,125.125,FLAT,0.0005594405594405049,NONE,0
2026-01-01 06:49:39.621209,125.12000000,125.13000000,14250.66000000,15320.44000000,0.007992,125.125,FLAT,0.0005594405594405049,NONE,0
2026-01-01 06:49:50.268982,125.12000000,125.13000000,14200.49000000,15362.78000000,0.007992,125.125,FLAT,0.0005594405594405049,NONE,0
2026-01-01 06:50:01.017210,125.16000000,125.17000000,14342.18000000,14935.54000000,0.007990,125.16499999999999,FLAT,0.00023968361762474445,NONE,0
2026-01-01 06:50:11.564136,125.18000000,125.19000000,16788.21000000,13681.72000000,0.007988,125.185,FLAT,0.0002396453249191288,NONE,0
2026-01-01 06:50:22.279944,125.18000000,125.19000000,15384.72000000,14916.61000000,0.007988,125.185,FLAT,0.0002396453249191288,NONE,0
2026-01-01 06:50:32.896225,125.18000000,125.19000000,15615.96000000,13548.91000000,0.007988,125.185,FLAT,0.0002396453249191288,NONE,0
2026-01-01 06:50:43.485377,125.18000000,125.19000000,15998.93000000,13379.60000000,0.007988,125.185,FLAT,0.0002396453249191288,NONE,0
2026-01-01 06:50:54.218328,125.19000000,125.20000000,16584.60000000,13648.61000000,0.007988,125.195,FLAT,0.00031950157753897555,NONE,0
2026-01-01 06:51:04.789940,125.18000000,125.19000000,15718.40000000,15320.39000000,0.007988,125.185,FLAT,0.0002396453249191288,NONE,0
2026-01-01 06:51:15.283033,125.18000000,125.19000000,15258.11000000,14231.89000000,0.007988,125.185,FLAT,0.0002396453249191288,NONE,0
2026-01-01 06:51:26.097609,125.18000000,125.19000000,15173.96000000,14702.10000000,0.007988,125.185,FLAT,0.0002396453249191288,NONE,0
2026-01-01 06:51:36.748297,125.17000000,125.18000000,15727.01000000,15689.88000000,0.007989,125.17500000000001,FLAT,0.00031955262632308397,NONE,0
2026-01-01 06:51:47.255046,125.17000000,125.18000000,15707.19000000,15196.59000000,0.007989,125.17500000000001,FLAT,0.00031955262632308397,NONE,0
2026-01-01 06:51:57.742074,125.17000000,125.18000000,15247.64000000,15417.09000000,0.007989,125.17500000000001,FLAT,0.00031955262632308397,NONE,0
2026-01-01 06:52:08.443502,125.15000000,125.16000000,17053.62000000,13547.77000000,0.007990,125.155,FLAT,0.00047940553713397203,NONE,0
2026-01-01 06:52:19.214969,125.15000000,125.16000000,16764.87000000,13938.18000000,0.007990,125.155,FLAT,0.00047940553713397203,NONE,0
2026-01-01 06:52:29.690367,125.15000000,125.16000000,15940.49000000,13377.48000000,0.007990,125.155,FLAT,0.00047940553713397203,NONE,0
2026-01-01 06:52:40.200628,125.15000000,125.16000000,15661.90000000,14381.99000000,0.007990,125.155,FLAT,0.00047940553713397203,NONE,0
2026-01-01 06:52:50.762355,125.15000000,125.16000000,16292.24000000,13457.36000000,0.007990,125.155,FLAT,0.00047940553713397203,NONE,0
2026-01-01 06:53:01.429730,125.15000000,125.16000000,16893.27000000,13296.55000000,0.007990,125.155,FLAT,0.00047940553713397203,NONE,0
2026-01-01 06:53:12.101582,125.18000000,125.19000000,17126.52000000,13528.20000000,0.007988,125.185,FLAT,0.0002396453249191288,NONE,0
2026-01-01 06:53:22.729324,125.18000000,125.19000000,17992.75000000,13586.35000000,0.007988,125.185,FLAT,0.0002396453249191288,NONE,0
2026-01-01 06:53:33.163091,125.18000000,125.19000000,15452.88000000,14258.54000000,0.007988,125.185,FLAT,0.0002396453249191288,NONE,0
2026-01-01 06:53:43.809296,125.17000000,125.18000000,15991.34000000,14219.26000000,0.007989,125.17500000000001,FLAT,0.00015977631316165553,NONE,0
2026-01-01 06:53:54.439469,125.17000000,125.18000000,15705.44000000,14167.74000000,0.007989,125.17500000000001,FLAT,0.00015977631316165553,NONE,0
2026-01-01 06:54:05.045261,125.18000000,125.19000000,16941.46000000,14175.66000000,0.007988,125.185,FLAT,0.0002396453249191288,NONE,0
2026-01-01 06:54:15.464978,125.18000000,125.19000000,17067.89000000,14086.77000000,0.007988,125.185,FLAT,0.0002396453249191288,NONE,0
2026-01-01 06:54:26.244674,125.18000000,125.19000000,17092.15000000,13799.04000000,0.007988,125.185,FLAT,0.0002396453249191288,NONE,0
2026-01-01 06:54:36.863420,125.18000000,125.19000000,17100.93000000,13809.89000000,0.007988,125.185,FLAT,0.0002396453249191288,NONE,0
2026-01-01 06:54:47.267177,125.18000000,125.19000000,16956.54000000,13917.40000000,0.007988,125.185,FLAT,0.0002396453249191288,NONE,0
2026-01-01 06:54:57.906465,125.18000000,125.19000000,16592.33000000,14362.97000000,0.007988,125.185,FLAT,0.000319527099892096,NONE,0
2026-01-01 06:55:08.456912,125.18000000,125.19000000,16097.40000000,15743.00000000,0.007988,125.185,FLAT,0.0003994088748651768,NONE,0
2026-01-01 06:55:19.310560,125.18000000,125.19000000,16541.19000000,14487.19000000,0.007988,125.185,FLAT,0.0003994088748651768,NONE,0
2026-01-01 06:55:30.021749,125.18000000,125.19000000,16174.14000000,14901.89000000,0.007988,125.185,FLAT,0.0003994088748651768,NONE,0
2026-01-01 06:55:40.538828,125.18000000,125.19000000,15073.80000000,15934.29000000,0.007988,125.185,FLAT,0.0003994088748651768,NONE,0
2026-01-01 06:55:51.257149,125.15000000,125.16000000,16386.56000000,16746.11000000,0.007990,125.155,FLAT,0.0006392073828452582,NONE,0
2026-01-01 06:56:01.814940,125.18000000,125.19000000,19216.14000000,14400.68000000,0.007988,125.185,FLAT,0.0003994088748651768,NONE,0
2026-01-01 06:56:12.412010,125.17000000,125.18000000,15137.24000000,16654.36000000,0.007989,125.17500000000001,FLAT,0.0005592170960654538,NONE,0
2026-01-01 06:56:23.022996,125.16000000,125.17000000,16261.23000000,15268.62000000,0.007990,125.16499999999999,FLAT,0.0006391563136660609,NONE,0
2026-01-01 06:56:33.732119,125.16000000,125.17000000,15238.07000000,15469.85000000,0.007990,125.16499999999999,FLAT,0.0006391563136660609,NONE,0
2026-01-01 06:56:44.230561,125.16000000,125.17000000,15745.86000000,15294.70000000,0.007990,125.16499999999999,FLAT,0.0006391563136660609,NONE,0
2026-01-01 06:56:54.881763,125.19000000,125.20000000,16916.69000000,13482.68000000,0.007988,125.195,FLAT,0.0003993769719238897,NONE,0
2026-01-01 06:57:05.437424,125.19000000,125.20000000,17025.81000000,14049.02000000,0.007988,125.195,FLAT,0.0003993769719238897,NONE,0
2026-01-01 06:57:16.202089,125.19000000,125.20000000,17261.85000000,13708.55000000,0.007988,125.195,FLAT,0.00047925236630857684,NONE,0
2026-01-01 06:57:26.777569,125.19000000,125.20000000,17977.18000000,13352.28000000,0.007988,125.195,FLAT,0.00047925236630857684,NONE,0
2026-01-01 06:57:37.313928,125.21000000,125.22000000,15802.93000000,13873.90000000,0.007987,125.215,FLAT,0.00031945054506242893,NONE,0
2026-01-01 06:57:47.786066,125.21000000,125.22000000,15828.37000000,14027.36000000,0.007987,125.215,FLAT,0.00031945054506242893,NONE,0
2026-01-01 06:57:58.528637,125.22000000,125.23000000,16794.63000000,12918.96000000,0.007986,125.225,FLAT,0.00023956877620284398,NONE,0
2026-01-01 06:58:09.313988,125.23000000,125.24000000,15736.37000000,13550.62000000,0.007985,125.235,FLAT,0.00015969976444281568,NONE,0
2026-01-01 06:58:19.647273,125.23000000,125.24000000,14837.06000000,14161.39000000,0.007985,125.235,FLAT,0.00015969976444281568,NONE,0
2026-01-01 06:58:30.361873,125.23000000,125.24000000,13975.57000000,14216.46000000,0.007985,125.235,FLAT,0.00015969976444281568,NONE,0
2026-01-01 06:58:40.760956,125.23000000,125.24000000,13257.43000000,14309.59000000,0.007985,125.235,FLAT,0.00015969976444281568,NONE,0
2026-01-01 06:58:51.391956,125.23000000,125.24000000,13044.01000000,15348.98000000,0.007985,125.235,FLAT,0.00015969976444281568,NONE,0
2026-01-01 06:59:02.101611,125.23000000,125.24000000,15069.45000000,13061.24000000,0.007985,125.235,FLAT,0.00023954964666428024,NONE,0
2026-01-01 06:59:12.600135,125.24000000,125.25000000,13572.85000000,13098.07000000,0.007985,125.245,FLAT,0.0003193740269073117,NONE,0
2026-01-01 06:59:23.257677,125.24000000,125.25000000,13661.11000000,15778.84000000,0.007985,125.245,FLAT,0.0003193740269073117,NONE,0
2026-01-01 06:59:33.984342,125.22000000,125.23000000,15675.94000000,13297.62000000,0.007986,125.225,FLAT,0.00023956877620284398,NONE,0
2026-01-01 06:59:44.666467,125.22000000,125.23000000,13512.04000000,14639.82000000,0.007986,125.225,FLAT,0.0003992812936712553,NONE,0
2026-01-01 06:59:55.248398,125.23000000,125.24000000,14410.80000000,13319.38000000,0.007985,125.235,FLAT,0.0009581985866570075,NONE,0
2026-01-01 07:00:05.774122,125.24000000,125.25000000,14968.91000000,13091.81000000,0.007985,125.245,FLAT,0.0010379655874485645,NONE,0
2026-01-01 07:00:16.556327,125.24000000,125.25000000,14432.13000000,23949.79000000,0.007985,125.245,FLAT,0.0010379655874485645,NONE,0
2026-01-01 07:00:27.186613,125.23000000,125.24000000,14734.34000000,23679.24000000,0.007985,125.235,FLAT,0.0009581985866570075,NONE,0
2026-01-01 07:00:37.952707,125.23000000,125.24000000,14896.71000000,22584.67000000,0.007985,125.235,FLAT,0.0009581985866570075,NONE,0
2026-01-01 07:00:48.629439,125.23000000,125.24000000,14988.41000000,23165.61000000,0.007985,125.235,FLAT,0.0009581985866570075,NONE,0
2026-01-01 07:00:59.269045,125.23000000,125.24000000,13997.97000000,24662.36000000,0.007985,125.235,FLAT,0.0009581985866570075,NONE,0
2026-01-01 07:01:09.854848,125.22000000,125.23000000,14320.53000000,24465.81000000,0.007986,125.225,FLAT,0.0008784188460769433,NONE,0
2026-01-01 07:01:20.490199,125.22000000,125.23000000,13338.44000000,25505.21000000,0.007986,125.225,FLAT,0.0008784188460769433,NONE,0
2026-01-01 07:01:31.070562,125.21000000,125.22000000,14786.69000000,25596.96000000,0.007987,125.215,FLAT,0.0007986263626561859,NONE,0
2026-01-01 07:01:41.817710,125.21000000,125.22000000,14808.03000000,24213.47000000,0.007987,125.215,FLAT,0.0007986263626561859,NONE,0
2026-01-01 07:01:52.408982,125.21000000,125.22000000,13015.58000000,26176.99000000,0.007987,125.215,FLAT,0.0007986263626561859,NONE,0
2026-01-01 07:02:02.980605,125.20000000,125.21000000,14824.53000000,27193.38000000,0.007987,125.205,FLAT,0.000718821133341234,NONE,0
2026-01-01 07:02:13.571789,125.20000000,125.21000000,16874.40000000,24431.50000000,0.007987,125.205,FLAT,0.000718821133341234,NONE,0
2026-01-01 07:02:24.057963,125.20000000,125.21000000,15846.34000000,15021.21000000,0.007987,125.205,FLAT,0.000718821133341234,NONE,0
2026-01-01 07:02:34.958570,125.20000000,125.21000000,16216.20000000,14717.62000000,0.007987,125.205,FLAT,0.000718821133341234,NONE,0
2026-01-01 07:02:45.672663,125.16000000,125.17000000,12969.05000000,18745.43000000,0.007990,125.16499999999999,FLAT,0.00039947269604131643,NONE,0
2026-01-01 07:02:56.276490,125.11000000,125.12000000,12300.10000000,18938.18000000,0.007993,125.11500000000001,FLAT,0.0007992646764975766,NONE,0
2026-01-01 07:03:06.926772,125.12000000,125.13000000,13583.74000000,17915.62000000,0.007992,125.125,FLAT,0.0007192807192807465,NONE,0
2026-01-01 07:03:17.590125,125.15000000,125.16000000,13687.72000000,16158.76000000,0.007990,125.155,FLAT,0.00047940553713397203,NONE,0
2026-01-01 07:03:28.152719,125.15000000,125.16000000,13890.34000000,16112.97000000,0.007990,125.155,FLAT,0.00047940553713397203,NONE,0
2026-01-01 07:03:38.609453,125.17000000,125.18000000,14228.33000000,16170.58000000,0.007989,125.17500000000001,FLAT,0.00031955262632308397,NONE,0
2026-01-01 07:03:49.220771,125.16000000,125.17000000,14105.78000000,15470.66000000,0.007990,125.16499999999999,FLAT,0.00039947269604131643,NONE,0
2026-01-01 07:03:59.701591,125.16000000,125.17000000,14115.60000000,15496.57000000,0.007990,125.16499999999999,FLAT,0.00039947269604131643,NONE,0
2026-01-01 07:04:10.412718,125.18000000,125.19000000,16800.11000000,14237.36000000,0.007988,125.185,FLAT,0.0002396453249191288,NONE,0
2026-01-01 07:04:21.190441,125.18000000,125.19000000,16400.26000000,14479.79000000,0.007988,125.185,FLAT,0.0002396453249191288,NONE,0
2026-01-01 07:04:31.877807,125.21000000,125.22000000,17966.46000000,14520.83000000,0.007987,125.215,FLAT,0.0004791758175937569,NONE,0
2026-01-01 07:04:42.390957,125.20000000,125.21000000,15578.76000000,16362.07000000,0.007987,125.205,FLAT,0.0003993450740784885,NONE,0
2026-01-01 07:04:53.046191,125.20000000,125.21000000,15978.95000000,17014.66000000,0.007987,125.205,FLAT,0.0005590831037099748,NONE,0
2026-01-01 07:05:03.553100,125.20000000,125.21000000,16375.85000000,16436.01000000,0.007987,125.205,FLAT,0.0005590831037099748,NONE,0
2026-01-01 07:05:14.177925,125.15000000,125.16000000,15545.83000000,14760.71000000,0.007990,125.155,FLAT,0.00023970276856698602,NONE,0
2026-01-01 07:05:24.676572,125.17000000,125.18000000,16007.26000000,14349.15000000,0.007989,125.17500000000001,FLAT,0.00031955262632331105,NONE,0
2026-01-01 07:05:35.135291,125.17000000,125.18000000,14006.50000000,16415.06000000,0.007989,125.17500000000001,FLAT,0.0007189934092271092,NONE,0
2026-01-01 07:05:45.589079,125.17000000,125.18000000,12899.06000000,16570.31000000,0.007989,125.17500000000001,FLAT,0.0007189934092271092,NONE,0
2026-01-01 07:05:56.049966,125.16000000,125.17000000,11907.56000000,17118.55000000,0.007990,125.16499999999999,FLAT,0.0006391563136658339,NONE,0
2026-01-01 07:06:06.634743,125.16000000,125.17000000,13122.78000000,16309.09000000,0.007990,125.16499999999999,FLAT,0.0006391563136658339,NONE,0
2026-01-01 07:06:17.282391,125.16000000,125.17000000,12080.06000000,16825.05000000,0.007990,125.16499999999999,FLAT,0.0006391563136658339,NONE,0
2026-01-01 07:06:27.660122,125.15000000,125.16000000,13951.03000000,16456.07000000,0.007990,125.155,FLAT,0.0005593064599895584,NONE,0
2026-01-01 07:06:38.221682,125.15000000,125.16000000,14618.07000000,15463.81000000,0.007990,125.155,FLAT,0.0005593064599895584,NONE,0
2026-01-01 07:06:48.922585,125.15000000,125.16000000,14179.18000000,15238.80000000,0.007990,125.155,FLAT,0.0005593064599895584,NONE,0
2026-01-01 07:06:59.534272,125.15000000,125.16000000,13904.38000000,15859.87000000,0.007990,125.155,FLAT,0.0005593064599895584,NONE,0
2026-01-01 07:07:10.181374,125.16000000,125.17000000,14383.79000000,15923.98000000,0.007990,125.16499999999999,FLAT,0.0006391563136658339,NONE,0
2026-01-01 07:07:20.909695,125.16000000,125.17000000,14460.72000000,15211.66000000,0.007990,125.16499999999999,FLAT,0.0006391563136658339,NONE,0
2026-01-01 07:07:31.450735,125.16000000,125.17000000,14097.44000000,15290.78000000,0.007990,125.16499999999999,FLAT,0.0007190508528742333,NONE,0
2026-01-01 07:07:41.985875,125.16000000,125.17000000,13799.26000000,15707.23000000,0.007990,125.16499999999999,FLAT,0.0007190508528742333,NONE,0
2026-01-01 07:07:52.491146,125.14000000,125.15000000,12841.17000000,15295.63000000,0.007991,125.14500000000001,FLAT,0.0005593511526630836,NONE,0
2026-01-01 07:08:03.153292,125.14000000,125.15000000,13249.37000000,15466.91000000,0.007991,125.14500000000001,FLAT,0.0006392584601862839,NONE,0
2026-01-01 07:08:13.527341,125.13000000,125.14000000,12559.75000000,18471.82000000,0.007992,125.13499999999999,FLAT,0.0005593958524792679,NONE,0
2026-01-01 07:08:24.325307,125.13000000,125.14000000,12075.29000000,17018.72000000,0.007992,125.13499999999999,FLAT,0.0005593958524792679,NONE,0
2026-01-01 07:08:35.045559,125.08000000,125.09000000,13633.11000000,14573.67000000,0.007995,125.08500000000001,FLAT,0.00015989127393380685,NONE,0
2026-01-01 07:08:45.418368,125.08000000,125.09000000,13214.49000000,14667.05000000,0.007995,125.08500000000001,FLAT,0.00015989127393380685,NONE,0
2026-01-01 07:08:55.966312,125.08000000,125.09000000,13915.49000000,14626.48000000,0.007995,125.08500000000001,FLAT,0.00015989127393380685,NONE,0
2026-01-01 07:09:06.381669,125.09000000,125.10000000,14271.29000000,15074.04000000,0.007994,125.095,FLAT,0.00023981773851873485,NONE,0
2026-01-01 07:09:17.010882,125.09000000,125.10000000,12331.45000000,17233.14000000,0.007994,125.095,FLAT,0.00023981773851873485,NONE,0
2026-01-01 07:09:27.641472,125.08000000,125.09000000,13153.74000000,16151.36000000,0.007995,125.08500000000001,FLAT,0.00023983691090059668,NONE,0
2026-01-01 07:09:38.285907,125.08000000,125.09000000,12235.75000000,16922.31000000,0.007995,125.08500000000001,FLAT,0.00023983691090059668,NONE,0
2026-01-01 07:09:48.831691,125.08000000,125.09000000,12415.53000000,16936.97000000,0.007995,125.08500000000001,FLAT,0.00023983691090059668,NONE,0
2026-01-01 07:09:59.297709,125.08000000,125.09000000,12683.54000000,16272.47000000,0.007995,125.08500000000001,FLAT,0.00023983691090059668,NONE,0
2026-01-01 07:10:09.841963,125.08000000,125.09000000,13413.34000000,15400.97000000,0.007995,125.08500000000001,FLAT,0.0003197825478673865,NONE,0
